2002 3161
633 205 833 269 Angelo
868 205 1141 255 Poliziatzo
1618 209 1681 257 97

94 335 178 385 Bis
213 336 371 393 vateS‚
410 333 586 392 Manli,
624 336 673 382 et
711 333 994 396 babylonia
1031 333 1182 396 signa
1218 334 1526 394 sequentem
1548 333 1572 380 Ρ

91 415 352 478 Quosque
388 414 485 464 sibi
524 428 790 477 aequaevos
828 428 963 476 puro
1000 412 1231 462 vocalior
1269 426 1377 470 ore,
1614 425 1677 457 535

89 496 277 558 Nequa
314 494 569 544 laboranti
609 493 920 543 incumbant
958 492 1151 543 oblivia
1187 492 1358 551 famae,

89 575 232 624 Naso
272 574 443 633 refert,
481 574 684 637 queruli
723 576 946 638 tangens
983 572 1215 622 confinia
1252 571 1450 621 Ponti?

91 656 150 704 Et
187 657 275 719 qui
315 655 587 718 smyrnaeis
624 657 829 718 poterat
865 653 1184 704 contendere
1222 652 1430 714 plectris

91 735 323 799 Valgius,
364 738 419 784 ut
456 735 575 785 tersi
615 737 872 785 memorat
908 735 995 797 pia
1032 748 1182 783 musa
1220 732 1450 782 Tibulli?

156 818 307 867 Musa
344 816 441 867 sibi
479 817 678 879 primos
715 832 834 880 quae
870 817 983 881 jure
1020 815 1276 866 adsciscat
1312 815 1543 864 honores
1612 824 1679 857 5⁴0

90 898 380 962 lmparibus
420 899 664 958 numeris,
704 899 755 947 ni
793 898 988 948 blanda
1025 897 1327 960 Propertius
1364 911 1457 946 ora

89 980 279 1039 Solvat‚
316 981 366 1029 et
402 979 704 1043 ambiguam
743 979 897 1029 faciat
934 979 1215 1028 certamine
1252 977 1508 1040 palmam;

88 1060 264 1109 Plania
301 1060 567 1108 materiam
605 1060 767 1109 teneri
805 1059 893 1108 dat
930 1062 979 1108 et
1018 1059 1205 1108 Hostia
1241 1060 1440 1117 cantuS‚

88 1142 316 1191 Nomine
353 1141 659 1203 supposito:
698 1155 793 1190 ceu
832 1141 969 1190 Galli
1007 1140 1166 1188 mima
1203 1138 1443 1202 Cytheris

89 1221 373 1271 Personam
412 1220 557 1270 falsae
594 1221 783 1270 lasciva
821 1219 1106 1284 Lycoridos
1143 1219 1310 1269 adfert
1611 1228 1676 1262 545

89 1303 141 1350 ln
180 1315 407 1360 scenam,
445 1304 494 1350 et
532 1300 691 1350 docto
731 1301 961 1350 clausam
1000 1315 1054 1350 se
1091 1301 1249 1364 jactat
1286 1299 1497 1357 amanti,

88 1383 228 1432 Dum
269 1383 425 1432 miser
462 1382 573 1445 ipse
610 1397 708 1432 suo
746 1381 912 1431 fodiat
949 1380 1241 1445 praecordia
1277 1380 1433 1429 ferro.

88 1464 156 1514 At
193 1479 301 1514 non
339 1465 511 1528 exigui
551 1465 722 1514 tenuis
759 1478 974 1527 quoque
1012 1464 1205 1526 pagina
1242 1461 1388 1512 Calvi

88 1545 397 1594 Dissimulat
433 1545 722 1608 pulchram,
761 1543 853 1594 sed
891 1543 1081 1593 acerbo
1118 1543 1300 1592 funere
1337 1544 1556 1604 raptam,

87 1626 411 1685 Quintiliam.
450 1627 561 1675 Nec
598 1640 729 1676 cous
766 1625 831 1675 ad
859 1626 971 1675 haec
997 1640 1105 1674 non
1133 1639 1279 1675 sacra
1305 1624 1544 1682 Philetes,
1614 1636 1679 1668 550

196 1758 237 1797 V.
267 1759 363 1798 534.
393 1758 587 1804 Manilio,
621 1770 662 1804 ο,
693 1757 882 1797 secondo
912 1757 1020 1804 altri,
1051 1756 1201 1796 Mallio
1240 1767 1266 1795 o
1295 1755 1473 1802 Manlio,
1514 1755 1677 1794 vissuto

88 1836 188 1873 pare
217 1825 255 1863 ai
285 1824 415 1874 tempi
450 1825 492 1863 di
530 1824 746 1874 Augusto,
785 1823 1038 1874 attingendo
1079 1823 1157 1862 alle
1196 1822 1381 1862 dottrine
1417 1822 1552 1871 egizie
1589 1822 1676 1871 (ba-

87 1890 263 1940 bylonia
291 1890 437 1940 signa)
468 1889 576 1929 sulla
604 1889 866 1929 astronomia
903 1889 985 1939 (bis
1023 1890 1148 1937 vates,
1181 1890 1308 1937 poeta
1337 1899 1360 1926 e
1391 1887 1672 1937 astronomo),

86 1956 238 1996 scrisse
267 1956 479 2006 un'opera
507 1957 845 2004 Astronomicon,
876 1956 919 1995 in
949 1956 1103 2005 cinque
1132 1955 1244 1994 libri.

193 2022 237 2061 V.
268 2023 351 2061 535
378 2033 476 2072 sgg.
519 2022 691 2061 Tibullo
729 2020 854 2061 canto
885 2021 1032 2060 Plania
1059 2023 1174 2060 sotto
1211 2020 1239 2059 il
1276 2018 1386 2058 finto
1423 2030 1549 2058 nome
1586 2020 1673 2067 (tzo-

89 2087 200 2127 mine
227 2088 465 2138 supposito)
495 2087 537 2126 di
559 2088 688 2127 Delia
701 2102 717 2134 ,·
746 2087 796 2126 C.
826 2086 981 2136 Valgio
1002 2086 1131 2133 Rufo,
1155 2088 1436 2125 rammentato
1466 2084 1599 2124 anche
1620 2085 1675 2123 da

87 2152 247 2192 Orazio
264 2152 370 2192 oltre
386 2153 463 2192 che
483 2153 597 2193 dallo
615 2156 750 2194 stesso
770 2152 958 2200 Tibullo,
979 2152 1119 2192 vuolsi
1139 2162 1420 2201 componesse
1441 2162 1498 2189 un
1521 2161 1673 2200 poema

86 2219 194 2259 sulle
222 2219 405 2269 imprese
435 2219 478 2259 di
504 2219 728 2269 Augusto3
751 2219 960 2269 Propezio
981 2217 1148 2258 celebro
1169 2217 1306 2264 Ostia,
1328 2220 1442 2256 sotto
1463 2217 1607 2267 quello
1629 2217 1672 2255 di

86 2283 251 2333 cintia,
282 2296 306 2323 e
334 2284 539 2324 Cornelio
559 2285 686 2324 Gallo
714 2285 755 2324 la
782 2285 911 2323 mima
939 2283 1142 2331 Citeride,
1172 2286 1286 2323 sotto
1314 2282 1455 2321 l'altro
1485 2282 1527 2321 di
1558 2282 1674 2321 Lico-

84 2351 192 2390 ride.
224 2350 331 2390 Caio
362 2351 523 2390 Licinio
552 2350 702 2398 Calvo,
733 2354 902 2390 oratore
930 2362 952 2389 e
982 2353 1122 2400 poeta,
1153 2352 1293 2388 morto
1322 2349 1521 2398 giovane‚
1553 2351 1674 2386 canta

89 2416 131 2455 in
161 2417 271 2456 versi
291 2416 334 2456 di
355 2428 508 2467 sapore
528 2417 754 2456 catulliano
785 2417 825 2456 la
853 2428 930 2456 sua
961 2415 1194 2464 Quintilla.
1227 2415 1356 2453 Fileta
1385 2415 1426 2452 di
1457 2413 1566 2460 Coo,
1598 2414 1676 2453 cri-

85 2482 169 2521 tico
197 2493 220 2520 e
257 2484 398 2532 poeta,
430 2481 575 2521 fiorito
604 2482 777 2521 intorno
808 2481 844 2520 al
874 2482 964 2527 300,
995 2480 1084 2520 cosi
1113 2480 1213 2518 esile
1242 2491 1264 2518 e
1294 2479 1450 2528 gracile
1479 2479 1523 2517 di
1551 2478 1675 2518 costi-

87 2547 274 2595 tuzione,
297 2547 373 2586 che
402 2547 560 2594 soleva,
592 2548 736 2594 dicesi,
769 2550 939 2596 portare
967 2546 1075 2585 nelle
1104 2556 1252 2594 scarpe
1280 2544 1400 2584 suole
1421 2544 1464 2583 di
1494 2544 1670 2594 piombo

85 2625 160 2663 per
179 2625 266 2653 non
296 2624 435 2653 essere
465 2617 636 2653 menato
665 2614 733 2652 via
763 2613 831 2652 dal
860 2616 1003 2659 vento,
1034 2612 1080 2650 fu
1110 2612 1300 2661 elegiaco
1321 2611 1364 2650 di
1393 2611 1503 2650 bella
1531 2610 1666 2650 fama:

84 2679 130 2718 fu
158 2679 312 2718 inoltre
342 2679 635 2729 grammatico,
656 2691 693 2726 e,
724 2689 844 2718 come
874 2678 970 2725 tale,
1000 2676 1130 2717 lascio
1159 2689 1216 2716 un
1249 2676 1476 2727 glossario.
1508 2677 1670 2717 Ultimo

83 2745 204 2784 viene
241 2745 513 2792 Mimnermo,
544 2745 671 2784 molle
707 2757 730 2784 e
760 2744 1056 2790 malinconico,
1088 2743 1116 2782 il
1145 2743 1271 2793 quale
1301 2743 1445 2782 soleva
1474 2743 1563 2782 dire
1592 2743 1668 2782 che

83 2811 206 2850 nulla
223 2811 325 2853 v’lza
342 2812 391 2851 al
409 2812 561 2851 mondo
577 2812 625 2850 cli
637 2811 847 2861 giocondo
861 2822 988 2850 senza
1007 2811 1195 2849 l’amore.
1220 2810 1273 2848 Le
1288 2820 1364 2849 sue
1381 2810 1525 2860 poesie
1546 2810 1588 2848 di
1605 2820 1669 2848 ca-

85 2880 235 2916 rattere
254 2877 545 2917 sentimentale
561 2889 583 2917 e
605 2878 854 2924 romantico,
877 2878 1051 2927 spirano
1071 2878 1176 2915 tutte
1196 2875 1427 2916 l’amorosa
1449 2875 1661 2926 passione,

82 2952 170 2982 non
188 2943 462 2993 corrisposta‚
482 2954 607 2984 verso
637 2955 722 2983 una
749 2943 958 2984 sonatrice
987 2942 1029 2982 di
1060 2942 1210 2990 flauto,
1233 2942 1404 2983 Nanno.
1436 2941 1517 2982 Per
1545 2951 1663 2992 mag-

172 3086 204 3120 7.
233 3102 275 3109 -
306 3082 475 3120 Classici
498 3083 670 3128 italiani,
694 3084 742 3120 N.
767 3087 801 3120 2.
