2002 3161
664 184 842 246 lacopo
875 181 1174 232 Sannazam
1625 180 1707 228 151

131 308 249 359 Clzr.
288 308 374 358 Est
397 306 584 355 Veneri
612 303 820 367 Cypros
856 303 1169 366 gratissima,
1197 300 1354 350 Creta
1381 300 1624 358 To‘nnti,
1672 311 1714 344 νο

185 389 485 452 junonique
522 386 723 444 Samos,
760 384 998 434 Vulcano
1036 383 1261 432 maxima
1298 382 1550 431 Lemnos:

194 470 443 519 Aenariae
480 470 664 530 portus
702 466 867 529 Hyale
905 465 1035 514 dum
1074 463 1291 526 pulchra
1328 462 1540 520 tenebit,

194 551 304 600 Nec
325 550 509 601 Samos
529 548 803 598 Aenariam
824 547 1013 604 vincet,
1034 560 1130 594 nec
1157 545 1380 593 maxima
1407 544 1650 592 Lemnos,

116 633 217 698 sol.
257 631 520 682 Gradivus
556 629 868 691 Rhodopen,
905 630 955 676 et
991 627 1280 676 Mercurius
1317 625 1587 689 Cyllenen,

194 713 467 777 Ortygiam
506 711 734 770 Phoebe,
773 709 1008 759 Tritonia
1042 709 1200 773 jactat
1237 707 1551 769 Hymetton:
1677 711 1718 745 75

194 796 320 845 Nisa
346 795 468 844 colit
494 793 818 857 Prochyten:
859 791 1143 854 Prochytes
1168 791 1209 839 si
1247 786 1530 838 commoda
1567 799 1656 834 no-

1522 868 1657 931 [rint‚

194 959 468 1022 Ortygiam
508 956 736 1015 Phoebe,
776 955 1011 1004 Tritonia
1047 954 1247 1017 linquet
1285 952 1589 1015 Hymetton.

129 1040 248 1090 Clzr.
271 1040 369 1089 Hic
387 1053 591 1101 specuS‚
614 1038 697 1086 hic
717 1051 889 1099 rupeS,
911 1035 1251 1098 texendisque
1269 1034 1468 1096 optima
1489 1032 1657 1081 nassis

190 1121 396 1170 Vimina
433 1122 570 1178 sunt,
607 1118 766 1182 junci,
806 1117 1107 1180 densaeque
1144 1129 1236 1178 per
1273 1114 1386 1164 avia
1423 1117 1651 1177 myrtus:

191 1199 241 1250 Si
279 1199 402 1248 mihi
440 1212 582 1247 nunc
620 1196 835 1255 Pholoe,
872 1196 953 1245 vel
992 1197 1195 1244 tantum
1240 1192 1451 1243 Chloris

1386 1273 1624 1337 [adesset,
1683 1283 1724 1315 80

193 1361 369 1420 Quam
407 1360 542 1410 bene
579 1372 849 1422 pugnaces
886 1372 1102 1420 possem
1151 1358 1488 1406 contemnere
1536 1368 1656 1402 ven-

1524 1435 1654 1498 [tos!

115 1523 217 1588 Jol.
254 1522 410 1572 Nulla
447 1522 570 1570 mihi
609 1521 719 1570 sine
745 1523 800 1578 te,
820 1519 991 1568 rident
1019 1519 1150 1577 loca,
1179 1517 1418 1580 displicet
1444 1530 1658 1579 aequor,

194 1604 381 1654 Sordet
417 1606 566 1662 terra,
603 1603 740 1651 leves
778 1600 866 1651 odi
904 1616 1024 1650 cum
1063 1599 1262 1649 retibus
1298 1599 1500 1647 hamos.

193 1685 258 1734 At
295 1686 335 1734 si
373 1684 542 1734 aderis
578 1687 649 1742 tu,
686 1683 829 1742 Nisa,
866 1681 1150 1744 placebunt
1187 1681 1389 1730 omnia:
1429 1680 1593 1728 laetus

194 1767 343 1816 Tunc
380 1780 480 1829 ego
517 1766 596 1814 vel
636 1764 838 1827 Libycis
875 1762 1065 1826 degam
1104 1763 1332 1825 piscator
1369 1761 1553 1810 arenis
1682 1770 1724 1802 85

129 1847 249 1898 Clzr.
287 1848 389 1896 Dat
425 1846 681 1896 rhombos
708 1845 970 1904 Sinuessa,
1002 1844 1244 1893 Dicarchi
1272 1843 1422 1892 litora
1449 1856 1659 1904 pagros,

195 1929 483 1978 Herculeae
520 1928 741 1977 mullum
778 1941 955 1989 τηρεε,
993 1925 1322 1989 synodontas
1359 1923 1660 1985 Amalphis:

195 2010 526 2073 Parthenope
562 2010 754 2058 teneris
795 2010 959 2058 scatet
998 2007 1277 2056 ambitiosa
1315 2005 1528 2068 puellis:

197 2092 332 2151 Quis
368 2092 492 2140 mihi
530 2105 672 2140 nunc
710 2090 834 2139 alias
871 2090 1088 2139 scrutari
1130 2088 1346 2138 suadeat
1383 2087 1564 2150 algas?

118 2174 220 2238 Jol.
259 2174 312 2221 ln
349 2173 520 2222 fluviis
557 2172 721 2235 mugil
756 2173 1005 2230 versatur,
1043 2184 1228 2233 sargus
1266 2170 1315 2218 in
1355 2168 1545 2226 herbis,
1683 2179 1728 2211 ⁹0

198 2254 429 2317 Polypus
466 2254 516 2302 in
555 2253 801 2315 scopuliS,
841 2251 1033 2300 mediis
1072 2251 1373 2300 melanurus
1400 2250 1451 2297 in
1480 2247 1660 2297 undis:

199 2335 332 2385 Ante
368 2339 500 2395 tuaS,
538 2350 653 2384 mea
689 2334 832 2392 Nisa,
876 2334 1020 2383 fores
1058 2347 1159 2396 ego
1198 2346 1404 2394 semper
1442 2330 1661 2379 oberro:

201 2416 353 2475 Quae
391 2417 514 2465 mihi
553 2416 639 2465 det
676 2416 803 2465 tales
839 2413 1126 2478 jucundior
1164 2413 1334 2462 insula
1372 2411 1598 2474 portus?

134 2499 276 2562 Mop.
300 2498 584 2556 HactenuS,
611 2512 642 2546 o
669 2495 923 2553 Celadon;
956 2495 1159 2544 resonis
1178 2494 1276 2544 sub
1298 2492 1521 2556 rupibus
1548 2492 1663 2542 illos

201 2581 335 2629 lnter
371 2594 426 2629 se
462 2579 606 2628 vario
643 2578 855 2627 memini
896 2575 1218 2626 contendere
1257 2578 1431 2634 cantu,
1688 2585 1730 2617 95

203 2661 432 2710 Horrida
466 2659 668 2710 ventosi
706 2658 935 2708 ridentes
975 2671 1245 2706 murmura
1283 2656 1447 2719 ponti.

203 2742 309 2801 Qui
347 2746 520 2792 tamen
557 2743 607 2790 et
643 2740 839 2799 laudes,
876 2742 926 2789 et
966 2753 1184 2788 munera
1223 2737 1383 2802 digna
1419 2736 1582 2787 tulere

203 2824 556 2883 Carminibus,
572 2822 663 2872 sed
679 2836 813 2885 quae
834 2823 1059 2884 nequeat
1085 2822 1425 2869 contemnere
1453 2819 1662 2866 Triton:

206 2905 321 2963 Hic,
358 2919 517 2967 quam
556 2902 764 2966 Circej0
802 2900 978 2950 nudus
1015 2899 1114 2949 sub
1152 2899 1361 2963 gurgite
1402 2899 1532 2960 cepi,
