2002 3161
275 198 372 246 288

708 196 858 246 Paeti
893 199 1141 250 amanisti
1175 202 1437 266 magg1'0ri

412 320 635 370 Duxeris
673 335 879 371 mecum
917 322 1137 374 choreas
1173 329 1359 376 amatae
1395 326 1462 377 ad

542 400 769 452 Carmen
809 417 1003 453 avenae.

406 480 516 531 Cur
551 481 705 545 fugiS,
743 483 909 547 virgo,
950 483 1353 547 Polyphemon?
1390 486 1617 550 Ecquem

408 563 542 612 Italis
579 564 731 613 tellus
769 563 1151 627 Polyphemon,
1191 581 1409 629 ecquem

411 644 571 694 Brutii
610 648 819 694 montes
856 645 1172 706 Oriarchon,
1210 649 1380 698 amnis

543 727 774 790 Ecquem
814 727 971 777 habet
1009 729 1184 778 ullus?

407 809 635 859 Unicum
674 812 751 859 est
788 810 883 859 soli
922 810 1266 874 Polyphemo,
1305 816 1355 861 at
1394 814 1579 876 ingens

408 891 633 939 Lumen:
673 891 774 940 hoc
814 907 922 941 uno
959 892 1090 955 fugo
1129 897 1177 942 et
1215 894 1325 956 ipse
1363 894 1545 954 nubes,

406 972 667 1021 Montium
706 972 808 1021 hoc
845 987 955 1022 uno
992 973 1123 1037 fugo
1161 978 1291 1024 tetra
1329 978 1378 1024 et
1414 977 1601 1038 amplae

541 1054 779 1102 Monstra
818 1054 1036 1104 lacunae.

407 1134 535 1197 Ipse,
574 1134 700 1183 dum
737 1139 943 1185 vastum
983 1151 1124 1185 mare
1160 1151 1330 1198 curro,
1368 1138 1651 1202 adaequant

407 1215 600 1266 Genua
637 1232 733 1266 nec
770 1218 989 1275 fluctus;
1028 1219 1147 1268 tiliae
1186 1233 1283 1268 nec
1319 1223 1545 1283 aequant,

408 1297 533 1346 Erro
572 1297 699 1347 dum
737 1299 902 1357 silvis;
940 1299 1064 1348 mihi
1104 1299 1239 1348 cedit
1276 1300 1433 1359 unda,

544 1377 700 1428 Cedit
735 1383 785 1429 et
821 1395 921 1429 aer.

411 1458 555 1518 Quin
595 1464 660 1520 et,
698 1461 795 1510 hae
833 1461 1013 1511 dextra
1050 1463 1295 1525 quotiens
1334 1461 1600 1525 Pachynni

410 1541 667 1591 Verticem
707 1545 798 1592 aut
834 1544 1024 1592 summi
1064 1544 1245 1606 quatio
1284 1542 1468 1602 Pelori,

411 1620 688 1671 Ausonum
726 1622 847 1671 litus
885 1623 1058 1672 tremit
1093 1625 1143 1672 et
1179 1622 1387 1686 libyssae

547 1702 767 1751 Tractus
804 1717 990 1751 arenae.

412 1782 587 1841 Quem
625 1783 782 1847 fugis,
822 1783 1040 1834 demens
1079 1783 1313 1843 Galatea,
1353 1783 1503 1833 cuius

410 1863 599 1927 AEquet
635 1867 685 1914 et
723 1864 874 1915 divos
909 1880 1094 1929 genuS,
1133 1868 1182 1914 et
1220 1879 1461 1928 propago

414 1945 635 2007 Imperet
671 1945 825 2004 silvis,
865 1946 1058 2008 pecori,
1096 1958 1155 1994 ac
1194 1944 1470 2008 magistriS,

545 2026 604 2075 Et
641 2026 797 2076 maris
835 2026 1028 2076 undis?

412 2106 544 2157 Sunt
580 2107 704 2156 mihi
742 2121 987 2157 ursorum
1025 2107 1179 2156 simul
1217 2109 1267 2155 et
1303 2106 1516 2155 leonum

414 2188 621 2238 Fistulae
658 2189 849 2238 assueti
887 2188 1043 2238 catuli
1081 2201 1362 2251 manuque,

412 2268 566 2327 Quos
601 2283 702 2332 ego
741 2270 791 2318 in
829 2269 1001 2319 lusum
1040 2267 1415 2331 illecebrasque
1453 2267 1585 2316 natis

545 2348 734 2398 lit-tibi
773 2363 940 2408 serm,
1438 2396 1440 2398 .

411 2427 543 2478 Sunt
579 2432 629 2478 et
664 2430 856 2480 assueti
896 2429 1142 2478 manibus
1180 2429 1415 2491 iocisque

414 2509 637 2560 Piscium
677 2511 839 2561 scetus
876 2510 1064 2560 teneri:
1106 2510 1204 2558 hos
1240 2509 1427 2572 puellis

1822 501 1864 532 65

1821 910 1863 940 70

1825 1315 1866 1345 75

1823 2117 1865 2148 85

1081 2612 1871 2621 ——-——---—.——--0——-——-·

387 2663 432 2701 V.
465 2666 530 2703 77.
560 2664 811 2714 Pachynus:
849 2664 899 2704 C.
937 2664 1132 2703 Passaro.
1162 2663 1344 2714 Virgilio
1373 2663 1494 2714 (Aen.
1527 2663 1576 2709 11,
1606 2662 1698 2711 890)
1727 2662 1769 2700 lo
1799 2661 1868 2700 de-

282 2730 415 2769 scrive
441 2742 561 2770 come
588 2732 773 2772 formato
802 2733 857 2772 da
876 2732 1040 2771 enormi
1060 2731 1197 2780 scogli
1217 2731 1440 2781 sporgenti
1462 2744 1472 2769 :
1504 2730 1620 2769 Hinc
1637 2731 1753 2769 altas
1775 2739 1869 2767 cau-

285 2798 344 2835 tes
369 2797 634 2847 projectaque
660 2811 766 2838 saxa
792 2799 1056 2848 Pachyni...

393 2862 437 2901 V.
469 2864 537 2902 80.
570 2865 839 2914 Libyssae...
870 2876 1039 2904 arenae.
1079 2864 1267 2912 Libyssa,
1299 2864 1362 2903 fra
1390 2863 1639 2902 Nicomedia
1672 2875 1693 2900 e
1724 2860 1870 2901 Calce—

287 2929 412 2974 done,
445 2928 557 2968 dove
585 2931 630 2970 fu
660 2931 828 2981 sepolto
856 2929 1079 2971 Annibale.

1996 1503 2002 1567 Ξ

1984 1575 2002 1635 ὲ
