2002 3161
297 193 393 242 234
728 193 878 243 Poetc'
911 196 1161 245 arnanisti
1196 198 1455 262 maggiori

295 317 458 367 Grata
496 320 683 383 placet)
723 321 957 384 corylum
998 325 1189 382 tueare,
1229 338 1325 374 nec
1362 325 1581 376 arbutus
1619 342 1723 378 una

293 392 539 445 Carmine
576 398 702 445 nota
739 395 820 446 dei
847 400 939 456 est,
969 398 1109 448 Pana
1135 403 1223 449 aut
1250 401 1376 464 tegit
1414 417 1518 451 una
1555 407 1846 466 canentem,

292 473 524 526 AEstibus
563 477 612 525 in
652 477 837 527 mediis
875 493 1094 529 somnos
1131 480 1385 531 suadente
1411 483 1621 542 cicada;

290 555 482 606 Verum
521 559 674 607 etiam
713 561 762 608 et
799 560 1007 622 corylus
1045 562 1237 612 nostris
1275 567 1351 612 est
1394 565 1606 627 cognita
1632 566 1787 625 silvis,
1859 582 1878 612 5

293 636 403 687 Nec
441 642 643 688 tantum
683 639 930 689 Meliseus
969 655 1100 701 eam,
1139 646 1228 692 aut
1265 646 1468 693 tantum
1507 660 1612 694 una
1651 647 1817 697 Patul-

1728 729 1818 792 [cis

286 805 560 856 Ornarunt
597 803 811 852 calamis
850 818 1097 867 caesoque
1137 806 1186 854 in
1226 807 1419 856 cortice
1455 823 1625 868 versu,

284 885 421 936 Cum
461 887 649 949 questu
687 887 955 934 commota
990 887 1242 950 gravique
1279 889 1444 937 excita
1482 890 1693 952 querela

281 968 484 1017 Vertice
523 966 788 1015 decuteret
825 966 1057 1026 frondes,
1096 971 1146 1017 et
1182 969 1342 1018 corde
1380 970 1478 1019 sub
1519 971 1626 1020 imo

283 1048 563 1102 Redderet:
606 1067 628 1092 «
654 1048 771 1097 Heu
810 1048 973 1097 heu.»
1017 1048 1118 1099 Sed
1147 1051 1465 1114 singultibus
1504 1052 1790 1116 interrupta
1841 1068 1880 1099 10

281 1132 439 1181 Plena
476 1131 656 1194 nequit
693 1145 875 1180 raucas
914 1132 1013 1180 iam
1052 1147 1152 1181 vox
1190 1148 1465 1196 erumpere
1502 1135 1566 1184 ad
1606 1150 1788 1194 auras;

281 1213 461 1263 Sibilat
499 1213 610 1275 ipsa
647 1215 853 1261 tamen:
900 1213 1060 1262 «Vidi
1099 1217 1188 1263 tua
1225 1214 1422 1274 funera,
1452 1217 1660 1276 coniux,
1685 1238 1705 1262 »

278 1294 450 1357 Atque
487 1294 592 1343 illa:
637 1313 657 1337 «
683 1293 761 1342 Ah
803 1295 1034 1344 moriens
1074 1296 1402 1355 morientem,
1453 1296 1697 1357 Ariadna,
1737 1313 1808 1348 re-

1533 1378 1757 1442 [linquiS.
1782 1400 1803 1424 »

279 1454 412 1503 Nam
451 1454 621 1504 iaculo
661 1454 931 1517 quondam
972 1455 1287 1519 choreisque
1325 1457 1546 1521 insignis
1585 1473 1790 1522 acuque

280 1535 566 1585 Praestabat
603 1535 811 1599 Coryle‚
839 1536 1190 1599 nympharum
1220 1537 1360 1586 haud
1389 1538 1570 1588 ultima
1595 1539 1779 1589 forma.
1833 1555 1871 1586 15

277 1617 378 1666 Sed
418 1632 525 1680 quo
564 1632 672 1667 non
711 1621 947 1680 penetrat
985 1618 1154 1667 livor'?
1192 1618 1332 1667 Dum
1371 1619 1508 1669 fessa
1547 1621 1738 1670 lavaret

274 1696 354 1745 Ad
392 1697 608 1757 fontem,
648 1697 774 1746 dum
815 1698 1050 1747 membra
1086 1698 1228 1747 fovet
1255 1698 1526 1750 Sebethide
1554 1701 1603 1749 in
1645 1701 1801 1761 unda,

274 1779 437 1827 Vertit
473 1793 587 1828 eam
626 1782 782 1828 cantu
822 1780 871 1828 in
912 1780 1125 1842 stirpem
1166 1780 1346 1830 circeis
1383 1780 1579 1840 Abelle,

272 1859 346 1908 Ac
383 1859 559 1909 densis
596 1861 790 1909 circum
830 1861 986 1910 ramis
1024 1864 1074 1910 et
1111 1863 1304 1911 cortice
1341 1863 1533 1925 saepsit.

273 1941 357 1990 llla
394 1956 533 1990 novo
571 1942 776 1991 latitans
814 1943 913 1992 sub
953 1944 1124 2005 stipite
1162 1943 1303 1993 flevit
1339 1948 1388 1993 et
1437 1945 1597 2007 ipSOS,
1821 1960 1864 1991 20

270 2022 349 2072 Ah
389 2023 646 2083 miseram,
686 2023 862 2073 audita
901 2028 977 2074 est
1016 2040 1230 2087 pcenam
1270 2025 1559 2088 deposcere
1598 2026 1761 2076 divos.

337 2104 418 2153 Sic
456 2105 580 2154 olim
620 2121 751 2168 puer
787 2105 1072 2165 audieram,
1112 2106 1239 2156 dum
1278 2110 1451 2156 cantat
1488 2107 1727 2157 Amilcon

269 2184 346 2233 Ad
386 2186 621 2245 choreas,
662 2188 789 2237 nitet
828 2188 944 2236 alba
981 2189 1090 2236 seni
1130 2203 1298 2247 coma,
1339 2188 1510 2251 deque
1547 2190 1725 2252 galero

268 2266 452 2317 Cauda
490 2269 596 2332 lupi
636 2272 685 2318 et
720 2270 882 2319 furvis
919 2270 1133 2319 horrent
1172 2270 1478 2320 umbracula
1516 2271 1674 2320 cirris.

268 2348 474 2411 Tityrus
512 2350 651 2399 hunc
689 2350 883 2408 docuit,
911 2350 1009 2399 sub
1049 2365 1156 2414 quo
1184 2365 1308 2400 cava
1333 2351 1509 2400 fistula
1537 2352 1763 2414 primum
1813 2367 1856 2398 25

265 2430 536 2480 Montibus
574 2432 653 2479 his
692 2446 942 2481 numeros
982 2431 1197 2480 deduxit
1235 2435 1284 2480 et
1322 2435 1469 2481 antra
1508 2447 1699 2482 canore

265 2511 511 2572 Implevit.
551 2511 840 2574 Corydona
878 2513 996 2575 quis
1034 2516 1122 2561 aut
1160 2527 1266 2560 non
1307 2514 1451 2561 novit
1489 2513 1686 2573 Alexin,

267 2591 539 2642 Pastorum
579 2598 666 2643 aut
705 2609 904 2643 musam
946 2594 1203 2643 Damonis
1241 2597 1289 2642 et
1325 2594 1688 2657 Alphesiboei'?

262 2672 383 2721 Inde
422 2675 520 2723 alii.
562 2677 819 2738 Imprimis
858 2676 1012 2725 bifori
1055 2675 1351 2738 Corylenus
1389 2691 1552 2725 avena

262 2751 464 2802 Saevum
488 2770 608 2804 arcu
637 2771 950 2818 cassumque
977 2756 1142 2805 oculis
1168 2759 1217 2804 et
1244 2758 1454 2818 pectore
1476 2756 1722 2805 Amorem
1803 2769 1846 2801 30

262 2832 569 2884 Obtrectare
608 2853 780 2896 ausus,
809 2843 857 2887 et
896 2853 1074 2887 amaro
1115 2839 1370 2885 incessere
1409 2841 1580 2885 cantu.

261 2913 422 2972 Quod
460 2915 588 2966 facie
627 2920 843 2967 minium
883 2919 1126 2976 referens,
1165 2917 1309 2980 quod
1349 2918 1515 2967 flavus
1554 2921 1602 2968 et
1641 2918 1762 2969 albo
