2002 3161
245 213 335 262 112
667 206 818 257 Poeti
851 204 1098 256 amanisti
1131 204 1390 270 maggiorc'

239 337 350 386 Vos
387 349 452 384 ne
478 335 529 383 in
568 331 796 383 acidaliis
822 331 946 380 aluit
975 330 1156 380 Venus
1192 345 1350 380 aurea
1386 331 1622 394 campis?

303 417 413 466 Vos
450 429 515 464 ne
542 413 640 464 sub
680 413 839 462 Idalio
878 412 1016 475 pavit
1041 410 1205 461 Amor
1241 411 1495 461 nemore?

241 499 336 548 His
373 511 474 560 ego
501 494 810 545 crediderim
850 493 1073 542 citharas
1110 507 1298 542 ornare
1335 493 1544 543 corollis

305 577 560 628 Permessi
599 577 650 624 in
688 589 842 624 roseo
873 574 1108 637 margine
1134 573 1392 631 Pieridas;

241 659 359 708 Hoc
395 657 525 706 flore
562 654 859 705 ambrosios
896 653 1179 716 incingitur
1217 654 1364 703 Hora
1389 654 1605 716 capillos
1626 669 1637 712 3

308 740 426 788 Hoc
462 737 589 800 tegit
616 735 869 785 indociles
897 734 1079 784 Gratia
1105 733 1300 783 blanda
1326 735 1498 793 sinus;

245 821 373 869 Haee
411 818 615 867 Aurora
641 831 751 866 suae
790 816 946 864 nectit
983 814 1288 864 redimicula
1323 815 1500 874 fronti,

307 900 445 950 Cum
473 913 686 949 roseum
723 911 885 946 verno
924 895 1108 959 pandit
1135 895 1199 945 ab
1238 911 1331 945 axe
1358 896 1523 955 diem;

244 981 460 1032 Talibus
498 979 852 1042 Hesperidum
890 977 1102 1027 rutilant
1125 977 1339 1026 violaria
1364 977 1602 1041 gemmis,

309 1062 548 1112 floribus
586 1061 666 1111 his
693 1061 890 1124 pictum
918 1057 1154 1122 possidet
1191 1073 1316 1107 aura
1353 1073 1567 1117 nemus3

244 1145 339 1193 l-lis
377 1143 618 1192 distincta
643 1143 713 1205 pii
751 1141 941 1191 ludunt
977 1154 1069 1202 per
1104 1140 1342 1203 gramina
1369 1154 1575 1197 manes;

310 1225 425 1274 Hos
461 1224 621 1274 fcetus
656 1238 815 1273 verna
854 1222 1141 1273 Chloridos
1167 1221 1330 1272 herba
1367 1221 1516 1284 parit.

246 1306 438 1355 Felices
475 1305 695 1354 nimium
732 1305 899 1365 violae,
927 1319 1058 1368 quas
1095 1303 1345 1366 carpserit
1371 1302 1454 1351 illa

310 1387 534 1436 Dextera
573 1401 691 1449 quae
731 1386 979 1435 miserum
1008 1400 1090 1434 me
1128 1385 1252 1433 mihi
1290 1382 1578 1445 subripuit!

245 1468 394 1526 Quas
431 1467 595 1517 roseis
633 1466 808 1531 digitis
843 1467 1083 1516 formoso
1122 1465 1411 1515 admoverit
1449 1464 1524 1513 ori

312 1550 381 1597 Illi
420 1548 562 1598 unde
599 1549 650 1597 in
688 1563 771 1597 me
807 1548 1006 1610 spicula
1042 1549 1252 1610 torquet
1279 1545 1453 1595 amor!

247 1630 481 1679 Forsitan
521 1631 570 1678 et
604 1628 757 1678 vobis
794 1629 907 1678 haec
945 1628 1082 1677 illinc
1108 1627 1273 1691 gratia
1309 1626 1464 1684 venit,

312 1711 512 1760 Tantus
549 1710 722 1759 honor
748 1709 980 1759 dominae
1007 1710 1167 1772 spirat
1193 1708 1257 1757 ab
1297 1722 1388 1757 ore
1416 1707 1578 1756 meae!

247 1792 434 1854 Aspice
472 1791 692 1840 lacteolo
720 1790 986 1840 blanditur
1012 1793 1068 1839 ut
1096 1790 1178 1839 illa
1203 1790 1396 1848 colore,

313 1873 501 1935 Aspice
538 1872 815 1934 purpureis
853 1874 909 1920 ut
946 1870 1098 1920 rubet
1125 1871 1238 1920 haec
1275 1870 1440 1919 foliis:

249 1955 347 2003 Hic
384 1953 531 2002 color
566 1956 643 2002 est
681 1952 928 2010 dominae,
967 1967 1121 2001 roseo
1159 1966 1280 2000 cum
1319 1950 1471 2000 dulce
1509 1948 1714 2012 pudore

315 2033 488 2096 Pingit
523 2032 767 2081 lacteolas
793 2046 1028 2094 purpura
1066 2033 1214 2094 grata
1239 2044 1420 2094 genas.

249 2114 425 2172 Quam
465 2114 671 2162 dulcem
711 2113 883 2171 labris,
923 2127 1083 2175 quam
1121 2112 1219 2160 late
1246 2112 1406 2174 spirat
1432 2109 1682 2160 odorem!

314 2196 406 2254 En,
443 2194 613 2253 violae,
653 2195 704 2243 in
729 2193 882 2243 vobis
919 2193 1000 2242 ille
1037 2192 1285 2243 remansit
1323 2191 1472 2241 odor.

248 2277 298 2327 O
336 2277 617 2325 fortunatae
652 2275 821 2334 violae,
862 2289 977 2324 mea
1013 2275 1132 2333 vita,
1171 2288 1455 2336 meumque

314 2357 580 2415 Delitium‚
618 2371 650 2419 o
689 2356 846 2405 animi
885 2359 1072 2418 portus
1108 2358 1158 2405 et
1197 2369 1321 2404 aura
1359 2353 1475 2411 mei,

250 2439 293 2487 Α
317 2438 469 2488 vobis
507 2439 704 2497 saltem,
743 2438 910 2495 violae,
949 2440 1100 2501 grata
1136 2436 1317 2486 oscula
1353 2449 1580 2497 carpam,

315 2521 425 2569 Vos
462 2519 612 2569 avida
650 2522 863 2583 tangam
891 2522 1072 2582 terque
1098 2520 1388 2581 quaterque
1428 2531 1602 2575 manu,

250 2601 359 2650 Vos
397 2601 672 2664 lachrymis
699 2599 902 2650 satiabo
940 2600 1072 2649 meis
1100 2614 1218 2662 quae
1245 2600 1433 2647 mcesta
1469 2611 1562 2660 per
1586 2611 1678 2646 ora

319 2681 520 2744 Perque
558 2681 731 2730 sinum
767 2681 865 2729 vivi
905 2680 1136 2729 fluminis
1173 2680 1333 2728 instar
1369 2680 1510 2727 eunt.

1793 745 1833 777 10

1795 1151 1832 1183 15

1793 1555 1835 1587 20

1794 1961 1836 1991 25

1799 2364 1842 2396 30

359 2864 400 2903 V.
431 2865 500 2902 33.
534 2864 638 2903 Pare
668 2864 744 2904 che
763 2863 1019 2904 Alessandra
1040 2875 1124 2902 non
1147 2862 1401 2902 secondasse
1421 2865 1579 2911 troppo
1608 2860 1648 2900 la
1666 2859 1838 2901 fiamma

249 2930 494 2971 nell’animo
524 2930 590 2969 del
621 2930 684 2978 P.‚
716 2931 788 2981 gia
815 2931 986 2970 innanzi
1015 2929 1130 2980 negli
1161 2929 1275 2970 anni.

1971 0 1991 104 r-u-
