2002 3161
593 196 696 247 Oio
705 196 860 246 vanni
892 195 1128 244 Pontano
1559 196 1656 245 293

67 468 433 522 ARIADNAM
455 467 751 520 UXOREM
772 466 1134 519 MORTUAM
1154 447 1654 524 ALLOQUITUR.*

718 590 827 640 (Lib.
860 591 927 638 11.,
959 591 1008 640 1.)
1208 585 1211 586 ’

63 687 208 746 Quid
247 700 478 749 querere,
517 700 550 735 o
588 685 857 735 Ariadna?
883 686 1012 735 Tuae
1051 700 1159 735 non
1188 686 1323 735 iusta
1361 685 1588 749 querelae

129 768 305 818 Causa
341 767 551 825 subest;
588 767 741 816 solvit
778 781 922 817 mors
958 781 1053 816 sua
1090 767 1201 815 iura
1238 766 1354 815 tori.

63 849 214 898 Liber
250 862 381 911 ago;
419 848 460 898 si
497 847 643 897 nullo
680 850 825 896 cavet
861 848 956 906 leX,
995 846 1184 896 desinit
1220 861 1332 896 esse

128 929 435 987 Peccatum3
473 943 635 991 quare
672 928 852 977 desine
888 931 938 977 et
975 929 1087 991 ipsa
1123 928 1286 991 queri.

61 1012 161 1060 Lex
198 1010 376 1060 statuit
413 1010 512 1060 sibi
552 1011 660 1067 ius;
697 1012 864 1059 cessat
902 1010 998 1068 iuS‚
1036 1009 1149 1072 lege
1187 1009 1386 1066 soluta;
1634 1020 1654 1052 5

127 1092 264 1140 Hinc
301 1094 424 1141 sunt
461 1091 694 1154 coniugii
732 1090 895 1140 libera
930 1090 1100 1140 vincla
1136 1090 1254 1139 mei.

61 1172 221 1235 Rupit
258 1187 402 1222 mors
438 1173 657 1235 laqueos
693 1173 839 1235 legis,
878 1172 958 1221 lex
984 1175 1152 1221 morte
1184 1174 1456 1235 perempta
1491 1174 1584 1231 est,

125 1253 283 1303 Nulla
316 1253 409 1302 viri
446 1253 578 1302 ratio
616 1255 709 1311 est,
745 1253 955 1302 vincula
991 1252 1133 1302 nulla
1170 1254 1285 1302 tori.

58 1334 203 1393 Quid
218 1335 426 1398 loquor,
442 1334 523 1394 ah,
540 1334 758 1384 demens
773 1335 798 1383 Ρ
812 1334 959 1384 Stant
973 1337 1023 1384 et
1038 1349 1154 1383 mea
1168 1334 1369 1384 foedera
1383 1337 1555 1383 tecum
1573 1349 1584 1391 ;

123 1417 290 1465 lunxit
325 1415 490 1465 Amor
526 1415 748 1475 dextras,
787 1415 1002 1465 foederis
1039 1418 1222 1465 auctor
1271 1415 1449 1475 Amor,
1613 1428 1651 1459 10

56 1496 254 1546 Auctor
290 1497 455 1547 Amor
491 1496 630 1557 fidei,
669 1496 884 1547 sistendi
923 1500 972 1546 et
1009 1498 1249 1560 pignoris
1285 1500 1494 1554 auctor;

122 1579 290 1628 Trans
326 1578 501 1642 Styga,
539 1580 682 1628 trans
719 1567 913 1627 Lethen
952 1578 1035 1627 hic
1073 1593 1168 1628 sua
1205 1579 1357 1641 signa
1392 1581 1547 1627 tenet.

57 1659 137 1708 Tu
176 1673 318 1708 nunc
354 1659 480 1709 elisii
519 1659 690 1722 fulges
728 1673 820 1722 per
856 1674 1068 1708 amoena
1102 1660 1265 1717 vireti,

121 1739 414 1790 Priscarum
452 1742 502 1789 et
539 1741 665 1789 nulli
704 1740 874 1789 forma
912 1740 1146 1790 secunda
1183 1744 1271 1789 tua
1307 1744 1398 1800 est,

51 1821 145 1871 Vel
182 1822 274 1871 tibi
314 1825 370 1872 ut
407 1821 687 1882 invideant,
727 1823 858 1871 livor
894 1823 935 1872 si
973 1822 1107 1871 forte
1144 1822 1325 1872 beatas
1609 1834 1647 1865 15

119 1900 384 1960 Sollicitet,
420 1901 512 1950 tibi
551 1902 591 1951 si
630 1902 761 1951 livor
797 1901 986 1951 obesse
1024 1904 1196 1965 queat.

55 1982 191 2031 Hinc
228 1983 424 2044 patiare
460 1984 577 2032 licet
614 1984 868 2046 tantisper
904 1983 1085 2033 ludere
1123 1985 1358 2032 nostram

119 2062 406 2123 Canitiem;
445 2064 522 2114 fas
559 2066 623 2114 sit
659 2065 784 2114 ficto
823 2066 874 2114 in
913 2080 1092 2114 amore
1129 2065 1293 2128 queri,

55 2144 196 2193 Dum
232 2159 332 2195 nos
368 2146 472 2195 fata
508 2149 712 2205 vocent,
751 2146 878 2195 dum
917 2150 981 2205 te,
1008 2147 1132 2195 mihi
1170 2161 1304 2204 cara,
1342 2145 1578 2202 revisam,

121 2226 412 2289 Elisiusque
449 2227 634 2276 iterum
672 2228 880 2276 vincula
917 2230 1090 2277 nectat
1129 2227 1352 2291 Hymen.
1605 2238 1647 2270 20

56 2306 166 2355 Nec
204 2320 352 2356 mora
388 2307 547 2370 longa
585 2308 815 2370 quidem.
858 2307 1180 2372 Quanquam
1230 2307 1417 2365 brevis,
1468 2307 1580 2368 ipsa

1197 2389 1435 2452 [molesta
1471 2390 1574 2436 est:

155 2519 171 2537 *
203 2519 308 2559 Pare
336 2531 360 2559 a
388 2521 476 2567 noi,
505 2532 528 2559 e
568 2521 693 2570 parra
729 2525 844 2560 certo
883 2522 918 2560 al
951 2522 1115 2568 lettore,
1155 2521 1408 2560 trattandosi
1437 2521 1479 2558 di
1508 2520 1647 2569 elegia

52 2581 302 2622 indirizzata
329 2594 353 2622 a
381 2594 467 2622 una
495 2594 590 2622 cara
619 2587 771 2630 morta,
807 2596 917 2633 poco
955 2585 1076 2623 felice
1114 2585 1154 2623 la
1191 2596 1333 2623 mossa
1372 2584 1538 2623 iniziale
1566 2585 1644 2624 che

55 2648 127 2696 poi
156 2648 191 2687 si
221 2652 393 2688 attenua
429 2650 518 2689 col:
560 2650 677 2697 Quid
702 2650 862 2700 loquor,
893 2652 963 2699 alt,
993 2652 1210 2699 detnetzs?,
1242 2663 1264 2689 e
1292 2650 1406 2689 fuori
1436 2651 1478 2689 di
1508 2651 1644 2701 luogo

52 2713 288 2754 l'erotismo
317 2715 394 2754 che
423 2727 568 2765 segue,
592 2716 732 2765 specie
752 2728 876 2755 verso
896 2717 935 2755 la
957 2717 1043 2755 fine
1065 2718 1176 2755 dove
1197 2717 1231 2755 si
1253 2728 1436 2755 accenna
1457 2728 1480 2755 a
1500 2717 1642 2763 Stella,

53 2779 131 2818 che
159 2779 227 2819 nel
256 2791 385 2820 cuore
413 2782 479 2820 del
511 2784 637 2831 poeta
665 2782 719 2821 ha
750 2794 877 2832 preso
905 2783 932 2821 il
964 2786 1089 2832 posto
1120 2783 1161 2821 di
1182 2783 1288 2822 colei
1308 2783 1385 2822 che
1408 2783 1442 2822 si
1473 2784 1642 2832 piange.

55 2846 128 2884 Ma
142 2845 229 2885 cosi
249 2845 357 2886 fatto
376 2858 447 2886 era
466 2847 643 2887 l'animo
662 2848 727 2888 del
752 2849 968 2888 Pontano:
992 2850 1186 2888 sensuale
1209 2850 1452 2890 all'eccesso
1472 2863 1494 2889 e
1516 2851 1643 2899 pieno

58 2910 100 2948 di
129 2912 485 2951 contraddizioni.
