2002 3161
289 160 353 209 26
719 158 871 208 Poetz·
905 159 1156 209 amanlsti
1187 159 1446 224 maggiori

289 283 422 332 Ante
460 282 672 345 quidem
712 284 920 345 sapiens
947 299 1086 333 nunc
1122 284 1415 343 ambitiosa,
1443 300 1538 334 nec
1576 286 1737 335 ullum

289 364 425 422 Quae
463 364 626 426 pariat
663 379 881 425 pomum
920 365 1011 414 sed
1049 367 1212 415 serica
1249 381 1411 428 pensa
1437 368 1716 425 ministret;

288 447 370 495 llle
407 447 556 495 aliam
596 449 751 508 atque
777 447 926 495 aliam
965 448 1222 496 culturam
1250 447 1417 498 dulcis
1455 450 1604 512 agelli
1811 462 1871 493 125

287 528 605 585 PertentanS,
632 530 847 576 truncos
884 528 1242 592 plantariaque
1268 529 1456 579 infodit
1493 545 1649 579 arvo:

285 610 395 658 Nec
432 610 595 671 pictas
632 609 856 673 lugubre
892 610 1040 660 fabas
1078 625 1174 660 nec
1211 610 1404 673 pabula
1442 613 1605 674 parcit

283 690 537 738 Vervacto
575 688 824 738 mandare
850 691 1002 752 putri,
1039 690 1328 754 glebasque
1366 692 1568 741 bicorni

286 770 618 833 Persequitur
653 770 808 829 ferm,
846 774 895 820 et
931 774 1070 821 secat
1113 772 1466 834 insuperabile
1503 788 1736 836 gramen,

284 851 342 899 Et
379 854 613 900 montem
651 850 804 900 caedit
829 852 1125 911 scrobibus,
1162 852 1390 916 fortique
1417 853 1631 903 bidente
1804 866 1865 897 130

285 933 454 996 Terga
490 933 585 982 soli
624 933 846 996 frangit:
885 933 1239 997 bacchaeaque
1266 936 1466 984 semina
1503 938 1702 984 rectum

284 1015 513 1077 Explicat
550 1016 600 1063 in
639 1016 990 1078 quincuncem
1027 1019 1076 1065 et
1114 1015 1319 1066 disserit
1356 1017 1541 1067 ordine
1567 1018 1747 1081 long0‚

281 1096 452 1160 Atque
489 1098 675 1146 iterum
712 1100 869 1161 atque
916 1099 1103 1148 iterum
1152 1102 1286 1149 terra
1336 1101 1506 1162 capita
1555 1101 1658 1149 ima
1706 1100 1801 1149 fre-

1547 1181 1797 1245 [quentat,

285 1259 343 1307 Et
381 1273 555 1308 ramos
591 1259 775 1308 tondet
800 1259 946 1318 falce,
973 1263 1129 1323 atque
1167 1261 1384 1323 impune
1421 1261 1670 1311 fluentem

283 1339 588 1403 Compescit
623 1342 777 1390 vitem
815 1341 1039 1405 fingenS,
1077 1345 1126 1391 et
1162 1342 1356 1392 robore
1380 1342 1526 1392 fulcit
1807 1354 1867 1385 135

282 1421 589 1481 Deciduam‚
616 1422 893 1485 charaeque
931 1424 1214 1472 haerentem
1251 1424 1302 1472 in
1342 1426 1553 1486 pectore
1579 1425 1757 1473 matris

281 1502 514 1552 Acclinat
551 1503 791 1553 sobolem
840 1504 987 1553 sulco
1024 1505 1276 1568 juxtaque
1303 1508 1579 1569 propagat,

281 1584 384 1633 Aut
422 1585 536 1646 ipso
574 1584 738 1634 durus
763 1586 1028 1648 genitricis
1065 1586 1129 1635 ab
1168 1586 1329 1636 ubere
1365 1586 1536 1636 flentis

279 1666 551 1715 Abscisam
589 1667 722 1729 rapit
758 1670 914 1730 atque
951 1668 1052 1717 alio
1090 1667 1314 1717 traducit
1351 1668 1609 1717 alendam.

280 1745 425 1804 Quid
463 1747 649 1806 dicam,
686 1750 910 1798 externis
946 1763 1066 1798 cum
1104 1763 1159 1798 se
1194 1750 1472 1799 vernacula
1498 1750 1667 1798 succis
1805 1762 1866 1792 140

279 1828 491 1881 Robora
527 1829 821 1888 nobilitant,
860 1832 1241 1894 peregrinaque
1278 1832 1514 1894 segmine
1542 1832 1656 1880 duri

279 1909 557 1972 Accipiunt
594 1912 761 1959 trunci
800 1914 888 1960 aut
926 1911 1152 1961 discreto
1189 1913 1427 1975 germina
1451 1912 1635 1961 libro?

280 1990 523 2054 Namque
560 1992 726 2041 oculis
764 1993 949 2041 oculos
986 2007 1094 2042 non
1132 1992 1311 2042 blandi
1339 1996 1577 2055 tempora
1602 1993 1735 2042 veris

270 2071 498 2135 jungere
535 2072 627 2121 sed
667 2072 852 2122 mediis
887 2073 1084 2137 gaudet
1120 2074 1415 2123 fervoribus
1442 2077 1621 2131 aestas3

278 2152 447 2204 AEstas
483 2158 768 2218 congestos
805 2154 1010 2205 Cereris
1047 2156 1227 2205 tritura
1265 2157 1542 2218 maniplos,
1804 2167 1864 2198 145

278 2233 447 2285 AEstas
483 2235 804 2285 absconsum
842 2237 1029 2300 siliqua
1066 2251 1351 2286 excussura
1377 2238 1640 2300 legumen,

278 2316 446 2366 AEstas
484 2331 587 2380 qua
623 2317 851 2381 grandes
887 2321 1161 2380 expectant
1198 2318 1383 2368 horrea
1420 2333 1631 2377 messe8‚

277 2397 418 2447 Dum
456 2402 785 2449 coacervatas
822 2400 1062 2449 eventilet
1099 2415 1218 2449 area
1254 2401 1449 2463 fruges.

280 2479 415 2528 Tum
453 2480 564 2529 sola
601 2481 829 2543 pulverei
868 2481 1222 2545 pinguescunt
1254 2481 1397 2531 arida
1434 2481 1620 2542 campi,

388 2694 431 2733 V.
461 2696 550 2734 133.
580 2695 779 2746 Explicat
807 2697 852 2735 in
879 2697 1169 2746 quincuncem:
1190 2698 1231 2735 in
1250 2697 1388 2736 forma
1410 2697 1452 2735 di
1481 2697 1531 2743 V,
1564 2696 1639 2734 che
1663 2693 1862 2743 significa

278 2760 303 2798 il
333 2771 511 2800 numero
540 2762 708 2811 cinque‚
741 2763 853 2801 onde
881 2763 892 2801 i
914 2762 1022 2801 filari
1046 2763 1099 2802 da
1119 2764 1223 2812 ogni
1247 2767 1364 2812 parte
1387 2762 1651 2812 rispondano
1673 2773 1695 2800 a
1714 2761 1858 2799 corda.

387 2824 429 2864 V.
457 2828 543 2865 142.
577 2827 745 2866 lnnesto
775 2839 797 2866 a
838 2839 977 2866 marza
1007 2839 1033 2866 o
1064 2840 1086 2866 a
1131 2829 1328 2868 bucciolo
1367 2828 1583 2877 (segmine.
1608 2858 1641 2866 ..
1674 2827 1860 2865 discreto

279 2892 423 2941 libro).
