2002 3161
167 1088 291 1153 DA
337 1087 508 1151 «DE
567 1082 895 1151 HORTls
949 1078 1613 1148 HESPERIDUM»*

161 1391 251 1441 DE
289 1387 791 1440 CONVERSIONF.
839 1383 1178 1435 ADONIDIS
1224 1384 1289 1432 IN
1330 1381 1620 1435 CITRIUM

640 1521 748 1570 (Lib.
783 1491 829 1565 ιζ,
860 1531 929 1557 vv.
959 1518 1138 1566 68-101.)

162 1614 420 1665 Mcerebat
457 1626 624 1675 puero
662 1612 905 1669 extinet0‚
944 1607 1158 1671 lugebat
1196 1608 1455 1655 amantem

100 1696 269 1747 Scissa
306 1709 530 1751 comam,
568 1695 617 1741 et
654 1691 879 1740 lacrimis
916 1687 1169 1737 humebat
1206 1689 1339 1735 terra
1376 1684 1622 1748 profusis,

100 1776 405 1827 Humebant
443 1775 587 1832 lauri,
626 1787 848 1836 quarum
887 1769 1166 1819 frondente
1210 1767 1308 1816 sub
1348 1765 1534 1815 umbra
1671 1779 1689 1809 5

98 1859 158 1907 Et
195 1858 426 1920 positum
468 1858 586 1904 ante
624 1853 786 1916 pedes
824 1850 1208 1901 lamentabatur
1244 1847 1473 1897 Adonim

99 1940 173 1997 Et,
212 1952 266 1987 se
304 1936 466 1986 oblita
504 1934 671 1992 deam,
711 1931 967 1981 tundebat
1004 1932 1219 1993 pectora
1256 1927 1455 1990 palmis.

98 2020 169 2070 Ut
204 2033 328 2068 vero
367 2032 480 2066 sese
519 2015 673 2064 dolor
711 2017 759 2063 et
796 2013 969 2077 gravis
1007 2012 1079 2059 ira
1117 2010 1377 2072 repressit,

98 2100 172 2149 Ae
208 2102 439 2148 veterum
480 2095 755 2146 admonuit
793 2093 1018 2155 Daphne
1057 2090 1240 2153 peneia
1278 2103 1542 2137 amorum:

104 2182 203 2230 «Et
240 2183 465 2236 nostrOS‚
504 2177 685 2240 inquit,
725 2174 998 2224 testabitur
1036 2171 1192 2220 arbor
1229 2184 1435 2219 amores
1651 2181 1689 2212 10

100 2261 416 2310 Nostrorum
433 2261 481 2307 et
497 2258 741 2306 maneant
758 2255 1102 2302 monumenta
1117 2254 1310 2299 aeterna
1325 2249 1625 2297 dolorum.»

202 2416 218 2433 ⁸
250 2405 279 2453 ΪΞ
310 2418 461 2464 questa
500 2424 585 2451 una
629 2410 738 2449 delle
769 2409 914 2446 ultime
958 2418 1086 2456 opere
1109 2406 1175 2444 del
1202 2406 1412 2450 Pontano‚
1446 2404 1522 2442 che
1552 2404 1578 2442 il
1609 2403 1693 2441 Oa-

99 2494 226 2532 spary
255 2482 401 2520 ritiene
431 2479 646 2527 compiuta
688 2487 773 2513 non
822 2474 957 2523 prima
1000 2472 1066 2510 del
1114 2474 1226 2517 1501,
1272 2471 1496 2510 essendovi
1535 2470 1605 2519 gia
1634 2470 1689 2507 la-

100 2552 283 2588 mentata
312 2548 352 2586 la
380 2547 635 2586 lontananza
665 2541 732 2580 del
763 2541 1020 2579 Sannazaro.
1053 2539 1228 2584 Quanto
1260 2538 1296 2576 al
1329 2539 1430 2577 mito
1461 2538 1501 2576 di
1524 2538 1687 2582 Adone,

100 2616 142 2654 di
175 2615 342 2664 origine
370 2613 540 2655 siriam,
573 2608 844 2656 trasmigrato
877 2606 947 2654 poi
978 2605 1225 2653 nell’Egitto
1254 2617 1275 2642 e
1305 2616 1327 2642 a
1367 2604 1515 2653 Cipro,
1547 2604 1690 2642 donde

100 2682 142 2720 lo
163 2684 345 2721 trassero
375 2680 387 2718 i
418 2678 558 2722 Greci,
591 2677 599 2714 i
624 2674 739 2725 quali
761 2685 811 2711 ne
843 2672 983 2711 fecero
1013 2683 1068 2710 un
1091 2677 1346 2720 argomento
1371 2670 1573 2720 preterito
1594 2671 1689 2709 alte-

103 2747 282 2787 randolo
312 2758 334 2785 e
373 2741 680 2794 ampliandolo,
722 2740 828 2778 hasti
869 2743 1031 2788 quanto
1070 2749 1122 2776 ne
1160 2738 1316 2776 dicono
1353 2738 1363 2775 i
1405 2737 1611 2776 dizionari
1649 2737 1690 2775 di

103 2812 342 2862 mitologia.
373 2811 402 2850 11
442 2811 652 2852 Pontan0‚
684 2806 720 2845 al
751 2805 893 2848 solito,
925 2815 976 2842 ne
1007 2815 1217 2852 compone
1256 2814 1344 2842 uno
1376 2815 1398 2841 a
1426 2814 1506 2842 suo
1544 2803 1689 2847 mode,

102 2890 270 2929 sempre
298 2877 563 2917 bellamente.
