2002 3161
670 171 870 235 Angelo
905 171 1179 221 Poliziano
1618 174 1708 223 123

128 302 230 360 lam
265 301 414 363 virgo
450 298 664 348 effertur
700 298 853 362 nigro
879 300 1156 360 composta
1191 297 1397 356 ieretrO,

189 383 436 432 Desectas
472 380 652 430 humili
679 379 869 430 fronde
894 380 1122 430 revincta
1149 394 1344 429 comas.

124 464 240 513 Heu
278 463 366 513 ubi
404 476 544 512 nunc
569 461 746 511 blandi
784 462 932 521 risus,
970 461 1060 510 ubi
1098 460 1270 510 dulcia
1305 460 1477 519 verba,

187 545 324 604 Quae
359 546 600 608 poterant
635 544 753 593 ferri
791 544 1030 607 frangere
1058 543 1338 592 duritiem?

122 628 338 677 Lumina
374 625 600 676 sidereas
637 625 726 675 ubi
753 640 894 674 nunc
920 625 1218 688 torquentia
1253 624 1508 682 flammaS,
1645 635 1707 667 25⁵

187 709 304 758 Heu
343 708 431 757 ubi
469 707 704 770 puniceis
741 707 930 757 aemula
966 706 1110 756 labra
1135 705 1313 756 rosis?

119 790 256 838 Proh
294 789 482 851 superi,
521 787 648 852 quid
676 802 783 837 non
822 788 1021 837 homini
1060 787 1232 837 brevis
1256 786 1406 848 eripit
1433 786 1563 835 hora
1584 785 1608 833 Ρ

184 870 263 919 Ah
292 870 477 929 miseri,
515 883 736 919 somnus
771 872 821 918 et
858 870 982 918 levis
1019 868 1208 918 umbra
1245 868 1465 917 sumus!

118 951 240 1000 Non
277 954 450 1000 tamen
487 953 575 1000 aut
612 951 794 1000 niveos
831 950 998 1012 pallor
1025 952 1313 999 mutaverat
1350 952 1507 1007 artuS‚

181 1032 284 1081 Aut
319 1030 495 1095 gelido
523 1032 714 1081 macies
751 1030 955 1081 sederat
993 1045 1083 1080 ore
1111 1031 1316 1094 gravis:
1644 1039 1712 1069 ‘200

118 1113 218 1163 Sed
253 1113 486 1162 formosa
523 1113 687 1162 levem
726 1127 869 1163 mors
905 1116 982 1162 est
1009 1112 1207 1161 imitata
1244 1125 1509 1173 soporem,

183 1195 226 1243 ls
263 1194 459 1244 nitidos
493 1194 669 1244 vultus
706 1208 904 1258 oraque
940 1193 1167 1257 languor
1193 1192 1379 1242 habet!

118 1275 362 1338 Virginea
398 1275 471 1324 sic
507 1275 638 1325 lecta
674 1289 835 1324 manu
861 1273 1139 1324 candentia
1174 1273 1424 1337 languent

182 1357 409 1420 Liliaque
445 1359 494 1406 et
519 1357 682 1406 niveis
719 1359 856 1407 texta
893 1371 1094 1406 corona
1120 1356 1270 1405 rosis.

118 1438 231 1498 Hic,
270 1452 364 1488 ceu
402 1438 543 1488 nulla
579 1439 724 1501 prius
759 1438 951 1488 fuerint
987 1438 1228 1497 lamenta,
1267 1438 1490 1486 novatur
1647 1448 1712 1479 ’.ὀᾶ

182 1521 389 1579 Luctus,
426 1524 475 1569 et
513 1519 744 1583 indignis
780 1519 1040 1571 imbribus
1078 1534 1169 1569 ora
1195 1518 1423 1568 madent.

117 1601 368 1651 Praecedit
392 1602 497 1666 jam
519 1616 717 1665 pompa
742 1602 1004 1665 irequenS‚
1031 1602 1137 1666 jam
1177 1603 1365 1650 moesta
1398 1598 1647 1649 sacerdos

179 1682 351 1732 Verba
387 1683 538 1742 canit,
577 1684 736 1732 sacris
772 1683 1005 1732 turribus
1043 1697 1146 1732 aera
1173 1684 1379 1732 sonant.

119 1764 352 1814 Funerea
388 1765 525 1815 cives
563 1765 741 1827 pullati
778 1768 920 1815 veste
958 1767 1267 1828 sequuntur,

178 1846 239 1895 Et
275 1849 530 1910 spargunt
556 1849 772 1896 moestas
808 1860 899 1895 ore
937 1844 1180 1895 madente
1206 1859 1395 1909 genas;
1649 1854 1713 1887 270

116 1926 397 1990 Densaque
434 1926 584 1989 plebs
607 1926 750 1976 vidui
789 1926 1067 1989 deplorant
1104 1926 1208 1976 fata
1246 1926 1428 1985 mariti,

181 2003 352 2068 Atque
389 2005 533 2054 illum
572 2004 739 2068 digito
776 2005 1173 2068 luminibusque
1211 2006 1412 2054 notant.

115 2085 166 2134 O
203 2088 459 2149 quantum
498 2086 687 2149 impexi
726 2087 895 2136 crines
933 2086 1180 2149 oculique
1206 2099 1465 2150 genaeque

180 2165 364 2216 Noctis
402 2166 624 2216 habent!
664 2169 896 2230 quantus
933 2166 1136 2216 nubilat
1162 2181 1255 2215 ora
1293 2165 1478 2214 dolor!

117 2245 261 2304 Quid
299 2261 440 2296 nunc
464 2248 710 2311 exequias
736 2247 966 2296 celebres
992 2247 1350 2310 opulentaque
1377 2245 1545 2294 dicam
1646 2254 1711 2288 275

184 2327 444 2376 Munera?
481 2327 608 2391 quid
646 2327 802 2377 donis
827 2327 1021 2390 templa
1058 2327 1244 2377 referta
1282 2326 1424 2389 piis?

114 2410 307 2460 Omnis
342 2411 528 2460 ceratis
563 2410 728 2460 radiat
765 2410 1034 2459 funalibus
1071 2424 1173 2468 ara,

181 2492 372 2542 Omnis
407 2491 642 2541 odoratis
679 2491 891 2555 ignibus
929 2506 1016 2540 ara
1041 2491 1204 2540 calet:

117 2573 486 2637 AEternamque
521 2576 716 2622 canunt
752 2573 989 2636 requiem
1017 2573 1296 2634 lucemque
1322 2570 1532 2620 verendi

182 2655 471 2715 Sacricolae,
509 2658 558 2704 et
594 2654 820 2718 lymphis
856 2669 1051 2717 corpus
1077 2655 1229 2702 inane
1255 2653 1441 2716 rigant.
1646 2662 1709 2695 280

118 2737 177 2786 Et
213 2736 424 2786 tandem
461 2736 667 2800 gelidos
693 2737 903 2799 operosi
933 2736 1210 2786 marmoris
1236 2738 1380 2784 artus

184 2818 403 2868 Includit
440 2818 687 2877 tumulus,
726 2820 775 2867 et
812 2818 968 2867 breve
1006 2831 1214 2867 carmen
1255 2816 1442 2865 habet:
