2002 3161
325 188 423 241 253
768 188 917 240 poeti
953 192 1199 242 ztmanlsti
1233 192 1492 259 maggiori

328 315 464 367 Tum
503 317 626 366 mihi
666 316 837 367 mollis
861 320 942 367 eat
979 331 1172 379 versus,
1211 322 1320 370 tum
1359 320 1476 370 laeta
1511 319 1778 372 sonabunt

392 396 654 458 Carmina,
694 401 804 448 tum
845 398 1013 449 dulcis
1051 401 1279 462 profluet
1316 415 1406 451 ore
1442 415 1622 452 sonuS.

327 479 406 528 Tu
445 494 662 542 quoque
700 480 966 529 materiam
1007 495 1257 545 saevoque
1294 483 1537 532 alimenta
1575 483 1737 533 furori
1860 497 1921 530 ηε»

390 559 485 619 Da,
523 561 658 610 curis
696 561 901 624 requies
942 576 1044 610 una
1083 561 1310 613 Ariadna
1348 564 1490 622 meiS,

324 640 468 691 Neve
505 642 671 691 oculis
710 642 918 691 inimica
954 644 1087 702 veni,
1126 659 1226 693 neu
1266 644 1397 694 dura
1435 647 1679 708 precanti,

391 722 486 773 Per
521 738 667 786 spem
706 725 938 787 coniugii
975 725 1248 790 vinclaque
1286 730 1465 777 nostra
1501 742 1660 792 rogo:

322 802 414 851 Vel
453 802 747 852 miseranda
784 804 876 853 tibi
913 807 989 853 est
1026 806 1190 854 arsuri
1229 806 1441 856 flamma
1479 808 1660 867 mariti,

387 881 438 932 O
475 883 603 932 socii
639 897 860 933 consors
896 898 1013 933 cara
1050 885 1224 935 futura
1261 887 1376 935 tori.
1852 901 1916 933 140

324 963 451 1013 Haec
488 979 688 1027 precor,
727 965 839 1014 haec
878 967 1075 1015 utinam
1115 966 1292 1018 nitidis
1328 971 1609 1031 argenteus
1646 970 1738 1019 alis

386 1043 598 1095 Annuat
633 1049 683 1095 et
720 1046 866 1109 digiti
905 1048 1127 1110 pignore
1164 1048 1336 1098 firmet
1375 1050 1598 1113 Hymen.

723 1333 1017 1387 UXOREM
1056 1334 1513 1394 ALLOQUITUR

536 1428 637 1477 DE
687 1429 1008 1479 ΜΙΙ-ΙΤΙΑ
1058 1429 1692 1489 CONQUERENSJ³²

975 1553 1083 1603 (Lib.
1118 1556 1153 1599 1,
1184 1554 1253 1603 v.)

317 1647 438 1696 Non
476 1661 578 1711 ego
615 1647 831 1708 divitias,
870 1651 1076 1710 coniux,
1116 1665 1409 1714 aurumque
1446 1655 1656 1703 secutus

381 1727 460 1777 Ad
497 1730 586 1778 tua
621 1731 954 1779 constiteram
994 1732 1171 1780 limina
1208 1735 1378 1781 amata
1415 1748 1622 1795 procuS,

314 1807 415 1858 Sed
453 1824 641 1869 moreS,
679 1810 771 1860 sed
808 1827 939 1874 pura
977 1812 1123 1872 fides,
1163 1813 1254 1862 sed
1292 1815 1457 1877 gratia
1493 1815 1654 1873 traxit,

379 1890 438 1938 Et
473 1890 659 1940 formae
696 1891 842 1955 quod
880 1897 988 1942 erat
1024 1893 1247 1943 candida
1285 1894 1422 1944 fama
1459 1898 1587 1953 tuae;

313 1971 409 2021 His
445 1986 546 2035 ego
586 1977 857 2035 permotus
894 1977 1163 2025 connubia
1199 1980 1347 2039 grata
1386 1977 1642 2039 petebam,
1885 1992 1903 2022 5

380 2053 439 2102 Et
475 2055 559 2103 tali
599 2054 717 2103 felix
756 2057 983 2119 coniuge
1020 2058 1161 2107 visus
1198 2072 1364 2107 eram:

313 2133 454 2183 Favit
488 2134 653 2184 Amor
688 2137 955 2200 tenerique
994 2153 1182 2199 parens
1220 2139 1440 2202 insignis
1476 2138 1698 2198 Amoris,

412 2299 429 2317 ⁸
456 2299 499 2339 Si
529 2301 657 2356 duole
678 2302 788 2340 della
816 2303 1070 2342 lontananza
1100 2304 1342 2343 dall'amata
1362 2308 1559 2344 consorte
1579 2306 1621 2344 in
1643 2317 1769 2344 causa
1790 2306 1899 2345 della

309 2376 478 2415 guerra.
511 2367 539 2405 Il
573 2368 767 2407 Pontano
797 2369 919 2418 segni
950 2381 994 2408 re
1016 2371 1216 2409 Federico
1247 2371 1260 2408 1
1291 2371 1401 2410 nella
1429 2382 1585 2420 guerra
1613 2375 1763 2411 contro
1794 2372 1897 2411 Gio-

307 2433 435 2471 vanni
466 2432 656 2482 d'Anj0u
677 2435 882 2485 (1458-64)
904 2447 1025 2475 come
1046 2437 1300 2486 consigliere
1321 2437 1430 2476 nelle
1458 2449 1556 2477 cose
1576 2438 1760 2484 militari,
1781 2450 1804 2477 e
1823 2439 1897 2477 tal—

307 2497 421 2537 volta
442 2511 563 2547 prese
583 2500 667 2549 egli
697 2504 833 2540 stesso
856 2505 973 2550 parte
994 2502 1231 2541 all'azione.
1254 2502 1559 2553 Accompagno
1581 2504 1714 2543 anche
1733 2504 1760 2543 il
1783 2504 1897 2553 prin-

307 2563 402 2612 cipe
440 2563 637 2612 Alfonso,
668 2577 748 2605 suo
778 2566 946 2613 allievo,
978 2568 1087 2606 nelle
1116 2569 1352 2617 spedizioni
1392 2570 1648 2618 guerresche
1677 2581 1699 2608 e
1727 2570 1774 2608 fu
1805 2581 1897 2619 pre-

308 2631 427 2667 sente
455 2629 537 2668 alla
563 2631 733 2670 vittoria
763 2632 804 2670 di
836 2632 1020 2671 Otranto
1051 2645 1180 2683 sopra
1208 2634 1219 2672 i
1249 2634 1407 2673 Turchi
1436 2636 1584 2684 (1481).
1609 2635 1893 2684 Diplomatico

306 2693 556 2742 abilissimo,
588 2697 698 2735 della
718 2698 893 2747 propria
922 2699 1066 2737 abilita
1088 2699 1259 2748 politica
1288 2700 1396 2739 ebbe
1425 2702 1511 2739 alto
1541 2704 1749 2747 concett0‚
1774 2712 1893 2740 come

305 2758 327 2798 ‘e
347 2763 457 2800 stato
488 2761 558 2811 gia
587 2766 816 2802 accennato
834 2764 944 2803 nella
966 2765 1211 2814 prefazione
1240 2777 1263 2804 a
1293 2769 1446 2816 questo
1476 2766 1604 2805 libro.
1637 2766 1725 2812 Qui
1753 2767 1892 2806 allude

303 2825 639 2866 evidentemente
658 2828 715 2879 (v.
740 2829 803 2879 14)
824 2829 905 2869 alla
924 2841 1080 2879 guerra
1100 2830 1307 2870 ferrarese
1326 2832 1544 2882 (1482-84),
1576 2833 1603 2871 il
1632 2833 1698 2872 cui
1720 2835 1890 2872 trattato

307 2889 350 2927 di
381 2901 482 2938 pace
512 2903 590 2930 con
621 2893 804 2933 Venezia
832 2894 879 2933 tu
908 2895 951 2935 in
982 2896 1233 2942 particolare
1262 2908 1393 2945 opera
1421 2908 1511 2936 sua.
