2002 3161
560 155 758 219 Angelo
795 153 1066 203 Poliziatzo
1546 154 1602 201 41

23 286 205 336 Pluma
230 287 430 342 natans,
457 282 705 332 foliumve
725 295 918 339 erranS,
940 281 1208 342 pappique
1234 278 1487 336 volantes,
1542 289 1607 321 530

24 369 359 429 flammaque
384 379 504 414 cum
531 363 692 412 flectit
717 377 838 411 cum
865 375 978 411 sese
1004 359 1146 409 elidit
1173 362 1222 408 et
1261 359 1386 421 ipsis

22 450 119 498 Vix
156 447 300 498 sedet
325 447 375 494 in
414 445 618 507 stuppis
655 443 1036 505 scintillamque
1072 441 1264 490 excutit
1302 439 1477 489 udam.

22 531 133 580 Vos
169 542 397 592 quoque,
425 528 676 589 pastores,
712 527 898 574 ventos
923 523 1145 572 horretis
1181 525 1230 571 et
1268 521 1477 579 imbres,

25 611 162 662 Cum
185 613 377 659 temere
399 622 679 657 excursans
705 621 868 669 pecus
888 605 1061 668 ampla
1081 605 1131 653 in
1154 617 1349 667 pascua
1367 602 1546 660 fertur,

25 693 269 755 Cumque
306 690 499 740 alacres
524 688 720 738 ludunt
747 688 872 752 agni
900 687 1193 749 calceisque
1218 687 1494 748 protervos
1553 694 1616 726 535

26 773 314 824 Subsultim
341 771 602 820 incutiunt
641 771 776 819 inter
812 784 866 819 se
892 771 943 818 et
979 767 1232 817 cornibus
1269 766 1483 824 haerent,

26 855 129 905 Aut
166 869 285 904 cum
323 868 377 903 se
415 867 442 901 e
468 855 622 915 pastu
658 852 705 900 vi
742 852 826 899 vix
865 864 1111 913 aegreque
1138 848 1418 904 revellunt;

28 936 274 999 Cumque
310 935 473 983 boves
509 932 691 997 liquidi
730 933 1036 995 suspectant
1072 930 1270 980 lumina
1295 929 1429 987 cceli,

29 1017 403 1078 Olfactantque
439 1028 611 1072 auras,
649 1016 699 1062 et
737 1026 927 1062 succos
953 1011 1168 1061 naribus
1195 1010 1333 1060 udos

31 1097 230 1149 Crebra
255 1095 481 1153 trahunt,
521 1093 867 1156 dextrumque
893 1092 1028 1142 latus
1060 1094 1395 1141 consternere
1431 1104 1554 1153 gau-

1358 1170 1519 1236 [dent,
1557 1182 1621 1214 540

30 1259 134 1308 Aut
170 1258 377 1322 lingunt
414 1256 632 1306 adversa
668 1255 822 1318 pilos,
850 1257 939 1304 aut
963 1267 1179 1316 vespere
1216 1267 1333 1302 sero

32 1341 239 1404 Mugitu
267 1339 465 1403 ingenti
504 1337 726 1388 redeunt
774 1337 1057 1400 caulasque
1093 1335 1339 1399 fatigant;

33 1421 171 1472 Cum
209 1421 307 1470 sibi
346 1435 454 1470 non
492 1419 660 1469 factos
700 1433 792 1469 sus
829 1417 1049 1481 dissipat
1076 1431 1167 1466 ore
1203 1415 1490 1478 maniplos;

33 1502 278 1566 Cumque
316 1504 465 1551 antro
508 1502 665 1563 lupus
702 1500 946 1558 exululat,
996 1512 1230 1561 cumque
1281 1495 1560 1559 improbus

1399 1577 1555 1642 [idem

35 1666 146 1715 Nec
172 1667 411 1714 metuens
437 1664 713 1713 hominum
740 1662 962 1725 propius
988 1661 1241 1718 consistit,
1274 1661 1324 1709 et
1350 1659 1506 1709 offert
1563 1670 1627 1703 545

35 1748 99 1798 Se
137 1746 453 1796 mendicanti
491 1745 718 1795 similem
756 1759 816 1793 ac
841 1744 957 1792 loca
982 1743 1120 1792 culta
1145 1744 1395 1805 pererrat.

37 1830 174 1892 Ergo
212 1830 263 1877 in
301 1828 576 1878 consilium
615 1826 776 1876 maria
812 1824 1033 1875 advocat
1070 1824 1263 1874 aethera
1300 1826 1464 1873 terras

36 1912 402 1973 Naturamque
443 1924 675 1968 omnem,
711 1908 940 1971 vivitque
977 1906 1284 1956 auctoribus
1309 1906 1474 1963 astriS‚

36 1994 178 2045 Cura
204 1992 378 2052 defim,
402 1991 651 2056 agricola,
679 1993 836 2054 atque
856 1990 1034 2038 animo
1054 1989 1295 2052 praescita
1315 1988 1564 2044 recenset,

39 2077 99 2125 Et
135 2089 307 2124 rerum
345 2076 564 2124 eventus
601 2086 758 2122 sensu
786 2071 1033 2134 praesagit
1070 2073 1242 2120 acuto,
1570 2078 1634 2110 550

107 2156 272 2214 Hanc,
311 2170 344 2204 o
381 2153 638 2204 ccelicolae
675 2153 875 2216 magni,
912 2150 1185 2201 concedite
1221 2151 1397 2199 vitam.

38 2237 119 2287 Sic
157 2237 280 2286 mihi
319 2236 545 2294 deliciaS,
587 2235 665 2285 sic
706 2233 1070 2283 blandimenta
1107 2232 1368 2289 laborum,

43 2319 124 2369 Sic
162 2318 338 2368 faciles
364 2317 483 2366 date
521 2331 728 2379 semper
765 2330 922 2378 opes:
962 2314 1060 2364 hac
1097 2313 1341 2377 improba
1376 2314 1535 2362 sunto

42 2401 178 2451 Vota
204 2403 370 2450 tenus.
397 2399 686 2462 Nunquam
714 2400 865 2456 certe,
890 2411 1162 2459 nunquam
1188 2395 1271 2444 illa
1296 2393 1568 2457 precabor,

155 2616 198 2655 V.
228 2616 326 2662 554,
342 2625 439 2664 sgg.
459 2613 685 2663 Singolare
706 2613 856 2661 questa
878 2612 1065 2660 protesta
1086 2609 1153 2648 del
1174 2611 1300 2658 poeta
1321 2607 1527 2657 georgico
1548 2605 1639 2657 (gia

46 2685 101 2723 da
129 2683 187 2722 sei
217 2681 316 2721 anni
346 2681 519 2731 priore;
549 2691 572 2719 e
601 2682 663 2718 tre
693 2679 830 2728 dopo,
859 2677 1050 2716 laureato
1079 2688 1102 2714 e
1131 2675 1354 2725 canonico)
1384 2674 1427 2713 di
1447 2685 1534 2713 non
1565 2685 1640 2712 vo-

45 2750 107 2789 ler
134 2749 326 2788 diventar
352 2747 404 2786 ne
423 2746 651 2792 cardinale,
675 2744 728 2783 ne
749 2756 887 2794 papa:
916 2742 1133 2792 singolare
1156 2742 1193 2781 ai
1217 2741 1374 2791 posteri
1404 2740 1636 2787 indiscreti,

47 2817 123 2855 che
152 2816 296 2854 hanno
323 2816 517 2863 appunto
546 2814 781 2861 sospettato
811 2811 852 2849 in
884 2810 940 2848 lui
972 2809 1154 2858 qualche
1192 2807 1514 2847 ambizioncella
1546 2818 1639 2855 pre-

48 2882 200 2922 latizia.
223 2879 319 2931 (Del
351 2880 534 2928 Lungo).
