2002 3161
626 153 825 217 Angelo
859 152 1131 202 Poliziano
1606 151 1669 201 33

92 284 229 332 Dant
267 283 438 345 ignem
467 280 706 329 extritum
745 279 928 337 silices,
956 277 1081 327 dant
1119 278 1336 327 flumina
1375 279 1549 326 nectar
1606 289 1670 321 315

92 364 291 413 l-lausta
327 376 501 419 manu,
529 360 616 409 dat
641 374 765 423 ager
790 374 1043 417 cererem;
1072 373 1178 407 non
1206 372 1390 407 caseus
1415 360 1502 407 aut
1528 358 1605 406 lac

92 446 414 494 Lucorumve
451 441 613 503 dapes
639 441 857 499 absunt;
897 443 996 490 stat
1035 439 1258 502 rupibus
1294 439 1406 497 ilex,

91 525 243 575 Mella
266 525 438 574 ferens
474 526 661 572 trunco
700 522 964 585 plenoque
1015 521 1286 570 cacumine
1312 520 1574 584 glandem.

92 607 160 656 llli
187 609 308 657 sunt
345 606 520 655 animo
547 619 704 667 rupes
742 603 1105 666 frondosaque
1141 605 1340 666 tesqua,

92 689 150 737 Et
186 702 388 750 specus,
415 690 464 736 et
500 685 656 750 gelidi
683 686 872 744 fontes,
900 687 949 733 et
987 683 1164 734 rosida
1200 687 1390 747 tempe,
1609 694 1673 727 320

89 770 380 832 Vallesque,
407 768 737 831 zephyrique,
776 770 824 816 et
861 767 1093 816 carmina
1118 765 1283 815 densa
1307 765 1602 823 volucrum,

91 851 151 899 Et
187 849 448 913 nymphae,
485 852 535 898 et
571 848 731 906 fauni,
769 851 818 896 et
854 846 1167 909 capripedes
1193 846 1441 909 satyrisci,

91 931 305 994 Panque
331 930 541 988 rubenS,
568 933 617 979 et
653 929 825 978 fronte
862 928 1207 991 cupressifera
1244 927 1513 991 Sylvanus‚

91 1012 352 1074 Silenique
389 1025 555 1069 senes,
594 1009 1020 1072 subdivallesque
1060 1008 1345 1072 ithyphalli,

91 1092 149 1141 Et
186 1095 435 1141 montana
472 1091 634 1149 Pales,
673 1094 722 1139 et
760 1105 867 1153 quo
906 1093 1117 1152 pastore
1143 1089 1337 1152 pheraei
1610 1099 1675 1133 325

90 1173 410 1223 Gaudebant
445 1173 632 1235 campi,
659 1175 708 1222 et
745 1172 944 1221 crinem
987 1171 1220 1221 resoluta
1257 1170 1542 1228 mimallon,

90 1255 150 1303 Et
186 1255 274 1318 qui
311 1254 584 1318 cornigera
621 1253 883 1303 bicolores
920 1253 1092 1302 fronte
1129 1251 1413 1315 corymbos

90 1335 535 1398 pampineamque
573 1349 731 1383 manu
769 1336 946 1382 tenera
982 1333 1154 1396 quatit
1180 1333 1340 1381 Evius
1376 1332 1611 1388 hastam;

91 1416 306 1479 Semper
342 1431 507 1474 amor,
545 1430 754 1478 semper
780 1418 978 1474 cantus,
1006 1417 1055 1464 et
1090 1414 1264 1464 fistula
1302 1412 1447 1463 cordi
1485 1415 1578 1471 est,

91 1498 306 1560 Semper
343 1497 546 1547 odorati
584 1497 908 1559 Venerisque
946 1494 1209 1559 stipendia
1234 1495 1408 1554 floreS,
1616 1505 1680 1538 330

88 1579 431 1642 Vitarumque
468 1579 614 1628 altrix
651 1578 766 1627 urbi
805 1578 938 1627 male
977 1580 1104 1627 nota
1128 1577 1390 1639 voluptas.

91 1660 306 1710 Talibus
344 1661 394 1709 in
433 1659 619 1709 studiis
657 1659 837 1722 pastor
874 1658 1030 1708 molle
1068 1658 1226 1722 exigit
1253 1672 1441 1707 aevum.

157 1741 282 1791 Post
319 1741 409 1791 ubi
446 1742 737 1791 raucisonae
764 1741 925 1803 pinna
960 1740 1196 1790 vibrante
1233 1738 1427 1789 cicadae

91 1824 412 1885 Increpuere,
450 1822 745 1885 ardensque
782 1821 1100 1871 metentibus
1139 1821 1334 1885 ingruit
1372 1821 1545 1879 aestus,

91 1904 358 1967 Paulisper
394 1907 506 1953 tum
544 1906 710 1954 cessat
736 1918 900 1966 opus;
939 1903 1154 1966 saxique
1180 1901 1279 1952 sub
1307 1901 1495 1951 umbra
1609 1912 1675 1945 335

92 1984 339 2035 Prostrati
378 1985 652 2049 indulgent
687 1985 874 2048 genio:
914 1999 1023 2034 non
1061 1983 1239 2034 mollia
1277 1983 1435 2045 pleno

92 2066 296 2116 Desunt
329 2067 449 2116 vina
485 2066 635 2125 cado,
663 2081 770 2116 non
808 2066 925 2115 lacti
965 2066 1126 2114 mixta
1151 2065 1380 2128 polenta,

91 2147 194 2196 Aut
231 2148 442 2212 pinguis
478 2150 683 2212 tergum
709 2147 899 2206 vitulae,
927 2146 1273 2209 placidusque
1310 2158 1522 2195 sonorae

93 2230 293 2291 Lapsus
313 2244 479 2292 aquae‚
499 2229 802 2292 crinemque
823 2242 963 2277 aurae
983 2228 1316 2290 frontemque
1336 2226 1612 2275 lacessunt.

93 2310 216 2359 lnde
254 2325 390 2373 opus
427 2311 701 2373 integrant,
740 2309 911 2359 donec
937 2309 1034 2359 sub
1064 2312 1218 2359 nocte
1244 2311 1522 2358 coruscent
1613 2318 1679 2351 340

94 2391 439 2455 Flammigero
478 2406 652 2453 parvae
689 2391 952 2441 stellantes
977 2390 1130 2440 clune
1166 2390 1422 2439 volucres.

92 2472 223 2520 Ecce
261 2474 435 2520 autem
473 2471 654 2520 dulces
692 2470 850 2521 labris
887 2474 1031 2533 pater
1059 2471 1246 2534 ingerit
1284 2484 1411 2520 uvas

92 2551 408 2611 Autumnus,
447 2552 750 2615 crebraeque
787 2552 944 2601 elisus
968 2551 1182 2601 verbere
1220 2550 1412 2614 plantae

92 2633 130 2681 lt
167 2647 258 2695 per
294 2633 453 2696 praela
490 2633 638 2691 lateX‚
677 2634 930 2696 puerique
967 2633 1204 2681 examine
1231 2631 1398 2681 denso

93 2714 333 2764 Exultant
368 2715 556 2768 lasciva
582 2715 775 2764 cohors
812 2715 1115 2777 circumque
1142 2727 1423 2776 supraque.
1611 2723 1676 2756 345

203 2885 268 2926 Vir.
298 2887 393 2934 323,
422 2897 518 2936 sgg.
551 2884 627 2925 Dei
657 2886 879 2935 campestri
910 2897 931 2924 e
962 2884 1109 2924 silvani
1141 2894 1220 2923 con
1252 2883 1262 2922 i
1292 2882 1387 2922 loro
1416 2880 1674 2931 appellativi.

180 3041 212 3073 3.
241 3059 281 3063 —
310 3040 477 3074 Classici
501 3040 675 3082 Italiani,
704 3041 749 3073 N.
776 3043 808 3072 2.
