2002 3161
283 183 380 231 220

282 308 379 357 An.

283 709 374 759 Clz.

276 1764 369 1814 Clz.

275 2817 365 2867 Ch.

270 2900 368 2948 An.

714 179 863 228 Paeti
899 180 1145 228 amanisti
1179 180 1438 243 maggiori

418 305 673 355 Nascetur
710 305 798 367 qui
838 306 1030 367 Mopso
1069 308 1118 354 et
1156 305 1452 370 faunigenis
1490 305 1750 355 Meliboeis
1830 318 1872 349 ⁴0

415 385 553 435 Dent
590 386 715 443 iura,
753 388 803 434 et
839 385 1090 449 gregibus
1127 386 1288 435 saltus
1322 389 1372 435 et
1421 400 1615 448 pascua
1663 401 1807 435 mon-

1608 467 1805 530 [strent,

417 548 516 610 lpsi
555 549 827 609 pastorum
867 560 1016 609 reges
1055 561 1415 611 pecorumque
1455 548 1702 611 magistri.

414 628 608 676 Dicite:
640 646 661 671 «
688 628 756 684 10,
779 627 851 676 sic
878 626 964 675 fila
985 630 1162 685 neunt,
1184 629 1257 677 sic
1283 629 1506 677 stamina
1529 628 1805 678 volvunt».

414 710 557 772 Euge
595 709 659 767 io,
699 709 772 757 sic
809 707 895 756 fila
932 711 1109 767 neunt,
1148 710 1220 758 sic
1259 710 1482 759 stamina
1516 710 1748 759 volvunt.

367 827 377 839 .
415 789 672 839 Nascetur
708 788 796 851 qui
835 789 1139 852 longinquis
1176 791 1359 852 procul
1397 790 1598 839 advena
1634 791 1779 839 terris
1827 801 1868 834 ⁴5

414 871 541 920 Haec
578 869 730 919 adeat
767 873 946 932 pastor
984 885 1184 933 pauper
1222 872 1351 931 loca,
1390 872 1540 921 cuius
1577 872 1642 921 ab
1682 886 1772 921 ore

410 950 568 1000 Arida
603 951 756 1000 vicini
796 954 1044 1001 resonent
1081 954 1130 1000 et
1167 967 1289 1002 saxa
1325 953 1528 1012 Vesevi,

411 1034 540 1095 lpsae
577 1047 733 1095 quem
772 1033 945 1095 pinuS,
984 1033 1097 1095 ipsa
1135 1034 1246 1083 haec
1283 1033 1496 1084 arbusta
1520 1033 1801 1084 vocabunt.

410 1114 493 1163 Ille
530 1114 630 1164 alta
667 1114 766 1164 sub
806 1129 936 1178 rupe
975 1118 1125 1165 canet
1162 1115 1440 1165 frondator
1476 1116 1541 1166 ad
1580 1131 1733 1167 auras

408 1195 638 1246 Pastoris
675 1210 878 1245 musam
919 1196 1174 1246 Damonis
1211 1200 1260 1247 et
1296 1197 1651 1261 Alphesiboei:
1825 1210 1869 1241 50

409 1278 479 1327 Illi
518 1277 811 1328 concedant
849 1279 970 1327 hinc
1008 1279 1233 1343 Tityrus,
1272 1279 1393 1329 inde
1430 1281 1710 1339 MenalcaS,

407 1358 547 1408 Alter
584 1374 724 1419 oveS,
762 1360 889 1410 alter
926 1359 1180 1410 distentas
1217 1361 1348 1410 lacte
1386 1362 1629 1424 capellaS,

408 1442 468 1490 Et
505 1442 688 1491 mirata
725 1457 852 1492 suos
889 1443 1217 1506 requiescent
1266 1444 1486 1493 flumina
1534 1458 1733 1504 cursuS,

408 1522 665 1572 Damonis
704 1537 907 1572 musam
947 1523 1074 1572 dum
1112 1526 1285 1573 cantat
1321 1527 1371 1573 et
1407 1523 1749 1587 Alphesiboei.

407 1603 602 1653 Dicite:
660 1605 774 1662 «lo,
824 1604 896 1653 sic
945 1604 1031 1654 fila
1079 1608 1257 1664 neunt,
1308 1606 1380 1655 sic
1429 1606 1650 1655 stamina
1697 1606 1801 1654 vol-

1519 1686 1728 1750 [vunt».
1824 1698 1865 1731 55

408 1765 551 1828 Euge
590 1766 657 1824 io,
695 1766 768 1815 sic
804 1766 892 1815 fila
930 1769 1110 1824 neunt,
1149 1767 1222 1817 sic
1260 1768 1481 1817 stamina
1517 1767 1749 1816 volvunt.

360 1886 369 1896 .
408 1847 773 1911 Nasceturque
810 1849 941 1898 alius
979 1850 1142 1913 longo
1180 1852 1301 1912 post
1339 1853 1575 1913 tempore
1613 1853 1794 1912 pastor

405 1928 621 1978 Advena
658 1932 707 1979 et
746 1930 857 1991 ipse
895 1930 1127 1993 quidem,
1166 1932 1363 1994 proprii
1403 1930 1494 1981 sed
1533 1932 1767 1981 consitor

1614 2013 1796 2077 [hortiz

405 2092 554 2142 Ausit
590 2095 638 2141 et
677 2093 760 2142 hic
797 2096 1035 2143 tenerum
1075 2094 1276 2144 calamo
1304 2096 1503 2145 trivisse
1531 2096 1797 2146 labellum.

406 2174 562 2223 Hunc
599 2178 648 2223 et
686 2174 959 2226 Damcetas
996 2178 1045 2224 et
1082 2176 1277 2226 amabit
1313 2177 1499 2240 lyctius
1537 2177 1726 2241 AEgon,
1819 2189 1861 2222 ⁶0

402 2255 543 2305 Alter
579 2270 704 2306 oves
742 2257 916 2306 niveas
955 2256 1100 2306 dono
1140 2257 1299 2317 dabit,
1338 2259 1464 2308 alter
1502 2262 1551 2308 et
1589 2258 1771 2309 hedos.

406 2335 504 2384 Hic
539 2338 716 2397 pascet
753 2336 934 2386 niveos
961 2337 1203 2387 haerbosa
1231 2338 1295 2387 ad
1323 2338 1541 2388 flumina
1577 2354 1793 2403 cygnOS,

404 2418 618 2466 Misceat
655 2418 766 2480 ipsa
804 2433 931 2468 suos
970 2420 1202 2481 pascenti
1240 2419 1514 2484 Amaryllis
1552 2422 1752 2479 olores;

406 2497 504 2546 Hic
540 2500 590 2546 et
626 2498 854 2560 populea
889 2513 1086 2548 vacuus
1123 2500 1352 2549 cantabit
1389 2502 1439 2550 in
1479 2501 1680 2560 umbra,

405 2579 597 2628 Uranie
635 2579 879 2628 intactam
917 2582 1145 2629 cantanti
1183 2582 1364 2645 iunget
1400 2597 1633 2641 avenam,
1817 2593 1857 2626 ⁶⁵

405 2659 463 2707 Et
499 2662 711 2708 cantum
748 2662 947 2723 argutae
985 2660 1208 2710 referent
1244 2661 1310 2711 ad
1347 2662 1517 2712 sidera
1553 2663 1725 2712 valleS.

403 2739 592 2789 Dicite:
621 2759 642 2784 «
666 2740 734 2798 10,
756 2741 829 2790 sic
855 2740 941 2789 fila
968 2744 1145 2800 neunt,
1167 2743 1239 2792 sic
1262 2744 1484 2793 stamina
1503 2744 1721 2792 volvunt
1748 2763 1791 2792 ».

405 2819 548 2883 Euge
585 2821 650 2878 io,
689 2821 761 2870 sic
798 2821 885 2870 fila
922 2825 1099 2881 neunt,
1137 2823 1209 2872 sic
1246 2824 1469 2872 stamina
1504 2824 1736 2873 volvunt.

408 2898 806 2964 Succedentque
844 2902 925 2950 alii
967 2902 1235 2953 Damones
1272 2907 1321 2953 et
1357 2903 1698 2966 Alphesiboei,

1986 1337 1998 1349 η’,
1995 1307 1997 1310 Α
1985 1090 2002 1278 Α.Δ-Ιὸ··“
