2002 3161
633 160 832 225 Angelo
870 158 1141 208 Poliziano
1619 157 1685 206 63

109 292 390 348 Pastorem,
428 291 476 337 et
516 287 718 337 tumido
758 286 976 335 furiatus
1014 284 1128 333 felle
1166 284 1439 332 cruentum

107 373 329 435 Spectat,
351 371 497 419 hians
519 370 760 426 immane,
781 380 1017 429 cavoque
1038 364 1329 414 advolvitur
1350 364 1535 425 ingens
1555 377 1565 418 ;
1626 373 1689 405 395

108 452 351 502 AEaciden
388 453 561 500 autem
601 449 798 499 caedem
838 451 887 496 et
925 446 1134 495 crudele
1173 445 1422 494 ferentem

105 535 343 592 Exitium,
381 533 548 596 qualis
584 531 711 581 vasti
749 530 893 579 canis
929 527 1149 578 Orionis

106 615 202 663 Per
236 616 443 663 noctem
481 615 682 661 exercet
719 609 895 660 radios
934 622 1242 671 saevumque
1280 606 1524 654 minatur.

97 692 316 754 Jamque
336 691 494 748 illum,
517 693 633 738 ante
662 688 846 737 oculos
874 686 1152 736 amborum
1182 686 1300 733 ante
1328 697 1419 732 ora
1446 695 1625 744 paren-

1475 762 1626 826 [tum,

105 853 381 915 Raptatum
421 851 687 900 haemonio
727 851 921 899 circum
963 864 1057 898 sua
1095 847 1291 897 moenia
1326 858 1508 901 curru;
1628 854 1693 885 400

96 933 208 996 Jam
247 933 421 990 funus,
461 931 711 989 Patrocle,
749 933 926 986 tuum;
967 929 1340 990 Priamumque
1366 923 1626 987 superbos

104 1014 406 1064 Porrectum
445 1016 563 1061 ante
601 1011 778 1074 pedes,
816 1014 972 1074 atque
1011 1024 1141 1059 auro
1168 1008 1406 1071 supplice
1430 1006 1625 1055 victum

103 1094 313 1143 Dixerat
350 1093 598 1142 invictum
636 1092 897 1155 juvenem,
939 1091 1272 1152 lamentaque
1309 1102 1447 1137 saeva

103 1175 334 1233 Iliadum,
374 1177 701 1236 mcestosque
739 1187 917 1235 rogOS,
959 1172 1294 1233 cineremque
1332 1169 1622 1232 sepultum:

102 1257 240 1307 Cum
278 1256 454 1306 subito
492 1256 543 1304 in
582 1255 783 1304 somnis
822 1254 974 1303 lthaci
1013 1253 1324 1315 experientis
1362 1251 1538 1314 imago
1627 1260 1693 1292 405

101 1339 223 1388 Visa
258 1338 386 1396 viro,
423 1337 496 1386 sic
533 1336 706 1399 ampla
742 1336 993 1385 humeros
1029 1335 1101 1384 sic
1140 1337 1354 1397 pectora
1379 1332 1624 1390 fundenS‚

104 1418 204 1469 Sed
243 1418 390 1468 letale
428 1432 616 1481 gerens
652 1417 870 1474 vulnus;
910 1430 1138 1478 namque
1176 1415 1337 1465 inscia
1374 1414 1476 1463 nati

102 1500 328 1549 Dextera
364 1499 644 1562 quaesitum
684 1513 776 1561 per
812 1498 1003 1547 caerula
1040 1500 1184 1546 vasta
1221 1499 1492 1559 parentem

103 1582 348 1631 Protinus
385 1595 647 1644 aequoreae
683 1581 860 1647 viroso
899 1580 1141 1642 trigorios
1178 1579 1281 1627 ictu

102 1662 410 1720 Perculerat‚
449 1663 554 1711 sive
593 1662 665 1710 ira
703 1661 860 1710 defim
900 1675 991 1710 seu
1030 1660 1133 1709 fata
1170 1658 1443 1724 jubebant.
1624 1670 1689 1700 410

103 1744 278 1808 Atque
316 1744 410 1793 ait:

437 1844 457 1869 «
481 1824 532 1874 O
572 1838 778 1887 magnae
814 1823 902 1887 qui
941 1824 1186 1886 princeps
1224 1821 1400 1871 debita
1436 1819 1574 1870 laudi

103 1906 322 1955 Praemia
357 1905 626 1968 persolviS,
665 1905 753 1967 qui
791 1904 930 1953 lenta
968 1903 1160 1952 oblivia
1201 1901 1384 1952 saeclis

103 1987 310 2036 Excutis
347 1989 396 2035 et
433 2001 579 2036 seros
614 1985 808 2035 famam
847 1984 1098 2047 producis
1136 1984 1187 2032 in
1226 1996 1411 2041 annos,

102 2067 253 2117 Anne
289 2071 366 2118 tot
403 2067 684 2116 exhaustos
721 2066 878 2116 nobis
915 2069 1157 2129 terraque
1194 2064 1430 2127 marique

105 2149 314 2198 Lethaeo
353 2163 553 2198 mersos
589 2147 750 2197 fluvio
789 2147 982 2210 patiere
1021 2145 1271 2196 labores?
1630 2154 1694 2185 415

102 2229 214 2279 Nec
250 2244 344 2279 sua
381 2229 628 2279 reddetur
663 2230 837 2278 virtuti
875 2229 1043 2292 gloria
1080 2226 1318 2277 merces?

101 2310 345 2374 Namque
382 2312 498 2360 licet
533 2311 696 2360 virtus
732 2313 897 2359 semet
934 2312 1185 2358 contenta
1222 2307 1471 2395 quiescat,

103 2392 224 2442 Sola
260 2396 433 2442 tamen
471 2393 642 2456 Justos
677 2393 840 2441 virtus
880 2391 1122 2441 adsciscit
1159 2391 1407 2447 honores»,

105 2475 332 2539 Solaque
368 2489 423 2524 se
460 2475 645 2523 merito
682 2472 899 2523 laudum
937 2472 1143 2536 fulgore
1181 2471 1429 2526 coronat;

212 2689 257 2728 V.
288 2689 371 2728 405
409 2699 506 2738 sgg.
550 2686 688 2726 Ithaci
721 2687 974 2737 experientis
1015 2687 1187 2737 imago:
1223 2685 1250 2724 l’
1270 2685 1501 2735 immagine
1529 2683 1696 2724 dell’er-

112 2759 229 2794 rante
258 2754 409 2803 Ulisse,
439 2754 517 2794 che
546 2753 592 2793 fu
622 2753 764 2793 ucciso
793 2764 919 2793 senza
948 2754 1132 2803 saperlo,
1164 2753 1207 2792 in
1237 2751 1449 2799 conflitto,
1481 2750 1550 2791 dal
1569 2749 1696 2800 figlio

110 2821 332 2871 Telegono
359 2832 440 2860 con
470 2820 654 2867 un’asta‚
685 2819 725 2858 la
754 2820 880 2869 quale
910 2831 1041 2860 aveva
1070 2820 1110 2859 la
1140 2822 1271 2868 panta
1291 2818 1334 2858 di
1364 2821 1583 2867 tartaruga
1607 2827 1695 2856 ma-

110 2888 202 2926 rina
231 2886 437 2936 (trygon),
468 2887 581 2925 detta
607 2884 847 2934 pastinaca.
