2002 3161
593 192 852 243 Giovatmi
887 192 1122 240 Pontano
1553 194 1641 242 221

195 320 408 384 Quique
444 320 595 370 etiam
635 320 775 369 tenui
815 332 1017 367 musam
1046 316 1362 366 meditentur
1388 331 1551 367 avena
1609 329 1650 363 70

196 401 435 451 Pastores
472 399 663 450 hedera
700 399 932 462 insignes
968 400 1017 446 et
1054 397 1312 447 arundine
1350 397 1488 446 clari.

195 482 247 532 O
268 482 391 531 mihi
413 485 540 541 tum,
568 484 624 530 ut
649 481 869 530 choreas
894 480 1089 543 agitare
1114 482 1163 528 et
1191 478 1360 528 dicere
1386 493 1582 538 versuS,

193 563 597 626 Compositique
634 563 772 612 senis
810 564 967 610 mutae
1004 560 1329 623 applausisse
1367 560 1568 619 favillae,

196 645 267 694 Ut
293 645 430 694 iuvet
455 647 503 693 et
540 647 718 692 notam
746 642 950 692 tumulo
978 642 1264 691 instaurare
1290 641 1582 704 querelam:

195 726 308 788 lpse
345 740 501 775 senex
538 725 691 774 tacita
729 724 932 786 positus
968 722 1228 772 laetabitur
1266 737 1410 771 urna.
1606 733 1646 767 7⁵

195 807 390 856 Dicite:
434 807 548 864 «10,
600 806 672 855 sic
719 805 807 854 fila
857 806 1036 862 neunt,
1085 804 1158 853 sic
1207 804 1431 853 stamina
1477 803 1582 853 vol-

1368 885 1514 949 [vunt
1539 904 1579 934 ».

60 969 152 1019 Clz.
192 968 335 1031 Euge
372 968 439 1026 io,
477 968 549 1017 sic
585 967 672 1016 fila
709 970 887 1025 neunt,
926 967 998 1016 sic
1036 967 1257 1015 stamina
1293 966 1525 1015 volvunt.

57 1051 155 1100 An.
194 1050 390 1098 Dicite:
435 1068 455 1092 «
480 1050 532 1098 lo
562 1049 862 1111 Hymenaee,
892 1048 941 1097 io
971 1047 1195 1110 Hymen,
1225 1047 1513 1110 Hymenaee
1535 1066 1578 1096 ».

0 1122 1 1194 l
62 1131 153 1180 Clz.
192 1131 454 1180 Dicimus:
493 1145 525 1178 o
566 1129 870 1192 Hymenaee,
910 1130 960 1178 io
1000 1129 1225 1191 Hymen,
1266 1129 1568 1192 Hymenaee.

0 1202 1 1206 ¹
188 1213 241 1261 lo
281 1211 502 1275 Hymen,
543 1211 829 1273 Hymenaee
867 1209 1092 1272 Hymen,
1132 1210 1340 1272 Hymen
1392 1209 1581 1273 Hyme-

1362 1290 1508 1354 [naee,
1602 1302 1644 1334 ⁸0

189 1372 325 1421 Felix
361 1386 393 1421 o
433 1372 738 1434 Hymenaee,
779 1370 986 1434 Hymen
1024 1370 1144 1419 felix
1183 1370 1486 1433 Hymenaee.

54 1454 134 1503 Le.
171 1452 222 1503 O
259 1454 491 1512 Macron,
530 1452 761 1515 nympha
798 1452 910 1500 haec
948 1450 1124 1513 lepido
1152 1454 1207 1500 ut
1234 1466 1477 1501 sermone
1503 1452 1574 1500 lo-

1296 1533 1433 1596 [cuta
1470 1535 1573 1590 est;

187 1615 255 1663 Illi
294 1615 394 1664 mel
431 1614 604 1672 labris,
643 1613 791 1663 favus
830 1613 897 1661 illi
936 1613 1091 1662 stillat
1129 1613 1195 1662 ab
1234 1627 1340 1663 ore.

54 1696 164 1745 Ma.
202 1695 253 1746 O
290 1696 497 1754 coniux,
547 1694 781 1758 nympha
830 1694 942 1744 haec
991 1694 1149 1757 longe
1197 1697 1275 1744 est
1324 1694 1578 1745 ditissima

1389 1776 1574 1840 [melle,

185 1857 414 1908 Centum
452 1858 608 1907 habet
646 1857 758 1906 haec
795 1857 972 1918 apium
1012 1856 1259 1915 tabulata,
1298 1858 1537 1907 examina

1263 1938 1509 2002 [centum.
1603 1949 1643 1982 as

53 2020 131 2068 Le.
170 2019 326 2069 Nunc
362 2018 608 2083 agedum,
646 2019 712 2068 ad
751 2020 1014 2068 thalamos
1052 2022 1303 2082 properat
1341 2034 1552 2083 nanque

1066 2099 1320 2164 [undique
1359 2115 1573 2164 pompa,

187 2180 324 2240 Quae
350 2182 566 2231 Macron
594 2181 832 2241 domin0,
860 2181 1093 2231 dominae
1121 2181 1374 2245 Lepidina
1400 2182 1579 2246 loqua-

1444 2266 1579 2329 [mur

188 2344 496 2404 Conveniat,
535 2360 744 2407 nanque
783 2346 865 2394 illa
890 2349 940 2395 et
965 2345 1134 2395 forma
1161 2349 1209 2394 et
1237 2346 1360 2395 dote
1398 2361 1575 2409 super-

1468 2427 1575 2491 [bit.

187 2506 299 2556 Dos
336 2507 402 2555 illi
442 2510 759 2569 centumque
798 2507 961 2557 boves
999 2508 1326 2571 totidemque
1354 2510 1573 2568 iuvenci,

188 2588 500 2637 Tercentum
539 2588 683 2637 simae
720 2602 908 2651 cyrnea
945 2592 1107 2638 matre
1143 2590 1370 2651 capellae,
1597 2603 1641 2635 90

186 2668 569 2732 Cornigerique
590 2668 708 2717 hedi
732 2669 966 2729 totidem,
988 2671 1106 2734 quis
1126 2670 1298 2720 fronte
1319 2670 1418 2720 sub
1440 2671 1572 2721 hirta

187 2749 474 2799 Albescunt
512 2749 746 2808 maculae,
785 2755 906 2800 sunt
944 2754 1132 2800 caetera
1170 2766 1394 2813 corpora
1432 2752 1573 2811 fulvi,

188 2829 454 2880 Custodes
491 2831 683 2894 gemini
723 2835 898 2881 arctoa
937 2832 1002 2880 de
1039 2836 1195 2894 gente
1233 2833 1460 2891 laconeS,

190 2912 327 2961 Mille
364 2912 604 2961 theatinis
641 2916 811 2962 errant
849 2927 968 2975 quae
1008 2913 1279 2964 montibus
1317 2929 1495 2978 agnae3
