2002 3161
625 194 802 257 lacopo
836 192 1137 243 Sannazam
1587 190 1678 239 149

159 322 478 376 Stoechadas
520 320 756 371 emicuit:
796 317 1143 380 Rhodanique
1181 317 1383 365 invecta
1421 330 1514 377 per

1388 396 1613 460 [amnem

161 487 333 552 (Nam,
360 486 493 535 bene
521 485 561 534 si
590 482 818 540 memini,
841 479 1156 535 Rhodanum
1184 477 1440 529 referebat
1466 477 1619 526 Amil-

1483 561 1619 624 [con‚

160 649 359 700 Oceani
398 646 634 697 madidas
670 645 796 695 vidit
832 645 1102 694 refluentis
1138 657 1337 701 arenaS,
1643 654 1685 684 2⁰

161 730 219 778 Et
256 744 389 793 quae
426 728 693 778 caeruleos
731 726 915 789 procul
953 724 1175 788 adspicit
1202 738 1294 772 ora
1322 723 1617 780 BritannOS‚

161 809 284 869 Qui,
311 810 407 859 nisi
433 823 566 858 vana
591 808 779 866 ierunt,
818 807 1026 870 quoties
1063 806 1218 855 maris
1244 804 1387 854 unda
1413 803 1618 861 resedit,

164 890 442 954 Indigenae
480 892 690 951 captant
728 887 903 938 nudos
941 902 1033 950 per
1069 887 1220 936 litora
1257 887 1442 949 pisces,

226 971 307 1021 Ne
343 970 580 1029 Chromi‚
618 985 683 1019 ne
720 969 890 1019 luctus
927 983 1136 1027 renova,
1164 966 1437 1030 respondit
1464 966 1619 1016 lolas:

162 1052 248 1103 Sat
286 1056 406 1102 tuus
444 1053 571 1101 haec
608 1051 764 1101 nobis
802 1051 1006 1101 Lucrini
1044 1064 1215 1113 nuper
1252 1049 1318 1099 ad
1356 1047 1553 1098 undam
1648 1062 1689 1092 2⁵

161 1135 399 1185 Narravit
437 1133 691 1197 Lycabas:
733 1132 907 1183 Solem
945 1147 1000 1182 se
1037 1131 1229 1182 scilicet
1266 1131 1366 1180 illic

163 1217 331 1266 Trans
367 1216 575 1275 fluctuS,
613 1218 755 1265 trans
791 1218 841 1264 et
878 1214 1048 1263 nubes
1083 1212 1275 1263 vidisse
1312 1212 1586 1262 cadentem

165 1297 323 1348 Haud
360 1298 520 1356 aliter,
558 1311 717 1361 quam
755 1297 796 1346 si
835 1296 1028 1346 nostris
1064 1309 1092 1345 e
1131 1294 1403 1344 montibus
1441 1294 1587 1343 illum

163 1379 378 1444 Caietae
415 1378 708 1441 adspiceret
744 1378 903 1442 longe
941 1379 1061 1440 post
1098 1377 1250 1426 litora
1285 1376 1423 1435 ferri,

163 1463 223 1511 Et
259 1462 531 1524 strepitum
569 1461 793 1511 sensisse
830 1460 1028 1509 ruentis
1064 1459 1128 1508 ab
1168 1459 1374 1508 aethere
1401 1471 1599 1507 currus.
1648 1468 1692 1500 3ο

164 1543 434 1593 Praeterea
470 1557 644 1592 mores
681 1541 1020 1604 populorum,
1058 1539 1337 1604 urbesque,
1374 1540 1627 1602 locosque

163 1625 433 1687 Exposuit,
472 1638 808 1687 quernasque
847 1622 1055 1681 dom08‚
1093 1625 1142 1671 et
1180 1622 1352 1685 lignea
1389 1624 1539 1671 tecta.

167 1706 382 1755 Addidit
418 1708 467 1755 et
503 1706 685 1764 varias,
724 1706 825 1754 heu
864 1704 1087 1754 barbara
1124 1704 1355 1763 nomina,
1393 1706 1604 1767 gentes:

173 1788 495 1846 BellovacOS,
517 1787 887 1850 Morinosque:
910 1789 975 1845 et,
997 1800 1133 1850 quos
1160 1786 1277 1849 quis
1304 1784 1475 1835 dicere
1513 1798 1630 1848 pos-

1531 1866 1633 1916 sit'?

168 1951 465 2001 Tarbellos:
505 1951 620 2001 latis
656 1964 826 2000 errare
863 1952 913 1999 et
948 1949 1168 1999 flumina
1205 1948 1430 2011 campis:
1657 1958 1698 1990 2⁵

168 2033 360 2083 Nescio
398 2047 555 2096 quem
596 2032 817 2095 Ligerim
856 2031 1003 2081 tectis
1040 2045 1094 2080 se
1133 2031 1341 2080 innasse
1378 2029 1582 2079 carinis.

171 2114 272 2165 Sed
311 2129 425 2164 mea
462 2129 604 2163 nunc
641 2114 769 2163 aliae
807 2116 1036 2176 poscunt
1074 2112 1172 2162 sibi
1211 2115 1424 2174 pectore
1461 2124 1632 2160 curae.

173 2197 253 2246 Tu
291 2195 470 2255 modo,
497 2195 692 2259 siquid
730 2195 894 2245 habes
933 2195 1002 2259 (et
1039 2197 1087 2244 te
1125 2208 1340 2257 quoque
1367 2191 1634 2243 Chloridis

1458 2272 1634 2336 [ardor

173 2357 459 2420 Excruciat)
498 2358 719 2420 scopulo
758 2357 859 2406 hoc
886 2371 1091 2405 mecum
1119 2355 1368 2405 meditare
1393 2353 1635 2403 vicissim.

172 2438 378 2497 Audiet,
416 2441 464 2487 et
501 2439 746 2502 gracilem
786 2441 1053 2500 percurret
1090 2438 1313 2500 Mopsus
1351 2449 1586 2484 avenam.
1658 2444 1700 2474 40

171 2520 252 2570 Sic
290 2520 382 2568 illi:
423 2523 500 2568 ast
537 2534 638 2582 ego
677 2519 746 2567 nil
785 2521 983 2577 contra,
1024 2517 1117 2567 sed
1156 2532 1291 2581 quae
1329 2517 1453 2565 mihi
1491 2515 1629 2565 collo

176 2601 400 2651 Garrula
427 2600 709 2662 pendebat,
731 2599 975 2649 manibus
1001 2603 1124 2648 tunc
1152 2601 1323 2648 sumta
1349 2598 1517 2646 cicuta
1544 2599 1636 2646 est.

217 2743 260 2782 V.
291 2745 353 2782 18.
383 2743 469 2782 Per
496 2743 612 2781 altas
640 2740 897 2780 Stoechadas
912 2755 925 2780 .·
963 2740 1084 2790 Oggi
1113 2740 1217 2779 isole
1247 2739 1289 2777 di
1321 2738 1498 2788 Hyeres,
1530 2737 1702 2776 davanti

0 2847 1 2854 ,
114 2809 194 2848 alla
219 2809 450 2848 Provenza.

0 2860 1 2915 l
223 2877 266 2916 V.
295 2877 351 2916 34
378 2876 633 2923 Bellovacos,
664 2875 950 2925 Mortuosque,
987 2874 1234 2913 Tarbellos:
1264 2873 1376 2912 tribu
1416 2872 1525 2911 della
1565 2871 1705 2909 Gallia

118 2944 284 2993 belgica
312 2955 334 2982 e
362 2942 707 2992 dell'Aquitania.
