2002 3161
639 226 838 290 Angelo
873 226 1145 276 Poliziatzo
1624 233 1688 281 93

100 348 400 399 Consutum
437 363 653 412 quoque
689 364 862 413 syrma
898 350 1051 399 trahit
1065 365 1077 408 ;
1103 349 1379 413 suspendit
1403 354 1453 400 et
1480 367 1614 402 unca

99 430 237 480 Nare
275 431 440 480 malos
478 431 727 495 (quorum
766 446 908 481 nunc
945 432 1123 481 omnia
1160 431 1332 495 plena)
1360 433 1559 494 poetaS,
1620 446 1684 479 ⁴50

101 512 383 575 Indulgens
419 515 592 561 tamen
631 527 799 575 usque
836 512 960 562 sibi:
1001 527 1121 562 nam
1159 512 1412 575 praeditus
1449 516 1550 563 acri

101 593 360 642 Nimirum
398 594 626 657 ingenio,
663 594 848 643 faciem
887 596 1034 657 putat
1070 609 1184 643 esse
1221 594 1466 644 decoram

101 673 377 734 CarminiS,
415 676 682 738 inspersus
718 675 942 725 maculet
978 691 1136 739 quam
1164 675 1392 739 denique
1419 692 1615 727 naevus.

91 756 204 818 Jam
243 757 418 806 senior
454 757 637 819 triplici
674 760 818 806 vates
854 758 944 820 qui
981 757 1140 806 corde
1178 757 1430 820 superbit,

99 837 390 887 Maeonides
427 838 562 888 ltalis
599 839 670 903 (ni
709 838 894 887 fallunt
929 838 1058 902 visa)
1097 838 1380 897 secunduS,
1617 851 1680 883 455

100 918 237 968 Bella
273 919 535 969 horrenda
571 922 718 969 tonat
755 919 1222 983 Romanorumque
1259 921 1570 983 triumphOS‚

98 1000 259 1062 Inque
294 1001 458 1050 vicem
497 1015 660 1050 nexos
697 1016 789 1064 per
825 1002 1057 1050 carmina
1093 1001 1281 1064 digerit
1316 1016 1514 1059 annos;

97 1080 219 1130 Arte
256 1081 414 1142 rudis,
453 1081 545 1131 sed
583 1085 755 1132 mente
792 1085 997 1145 potens,
1035 1083 1372 1145 parcissimus
1409 1084 1530 1142 oriS,

98 1162 302 1226 Pauper
337 1178 518 1226 opum,
556 1163 727 1213 fidens
763 1165 938 1223 animi,
976 1179 1291 1227 morumque
1328 1164 1598 1227 probatuS,

96 1242 499 1308 Contentusque
535 1260 650 1304 su0,
688 1260 783 1294 nec
820 1245 958 1294 bello
997 1246 1210 1308 ignarus
1247 1248 1296 1294 et
1333 1246 1504 1295 armis.
1609 1258 1674 1289 460

95 1324 287 1383 Quem,
324 1325 504 1378 Rudiis
541 1329 732 1385 ortum,
770 1325 921 1390 rigidi
960 1328 1226 1389 quaestura
1263 1325 1485 1376 Catonis

95 1406 176 1456 Ad
213 1408 654 1471 septemgeminas
688 1408 932 1472 juvenem
971 1407 1258 1457 deduxerat
1294 1423 1465 1466 arces;

92 1488 218 1536 Mox
253 1503 432 1538 cornes
469 1503 736 1538 armorum
776 1488 936 1547 Fulvi,
975 1489 1062 1551 qui
1100 1489 1358 1552 sanguine
1395 1492 1576 1552 partas

95 1569 294 1619 Scilicet
331 1570 472 1620 haud
510 1570 714 1620 dubitat
750 1570 883 1620 latiis
919 1585 1122 1620 sacrare
1158 1571 1414 1620 camoenis

95 1650 329 1709 Exuvias,
365 1650 508 1700 dedit
545 1651 712 1701 aetolis
748 1641 956 1700 hostilia
981 1651 1181 1714 campis
1615 1662 1676 1693 4⁶5

95 1731 336 1795 Corpora
373 1733 535 1782 multa
571 1733 710 1791 neci;
748 1733 907 1797 longe
942 1733 1270 1796 gratissimus
1307 1732 1463 1791 idem,

93 1812 268 1875 Scipio
305 1828 510 1876 magne,
548 1813 639 1863 tibi
677 1816 727 1863 et
763 1813 983 1862 calabris
1018 1814 1220 1862 vicinus
1258 1813 1307 1861 in
1346 1813 1512 1862 hortis

90 1893 291 1942 Virtute
328 1894 569 1953 emeritis,
606 1894 759 1958 cujus
793 1893 987 1957 gentile
1024 1893 1363 1956 sepulchrum

94 1974 219 2022 Mox
254 1975 434 2033 tenuit,
472 1975 616 2024 nullo
653 1975 856 2038 patiens
892 1989 986 2024 sua
1022 1974 1205 2024 funera
1242 1974 1368 2023 fletu

197 2162 243 2201 V.
273 2164 372 2202 454.
404 2164 555 2211 Ennio,
585 2167 685 2203 nato
715 2176 739 2203 a
767 2164 1012 2214 Rotigliano
1042 2164 1085 2203 in
1123 2163 1336 2210 Calabria,
1366 2163 1433 2202 dei
1465 2164 1578 2212 poeti
1621 2163 1677 2201 13-

92 2229 167 2268 tini
196 2230 224 2268 il
253 2230 407 2279 primo,
428 2231 646 2270 vantavasi
676 2231 719 2270 di
740 2242 840 2270 aver
866 2234 930 2270 tre
958 2231 1111 2278 anime,
1143 2230 1296 2280 poiche
1324 2241 1481 2279 sapeva
1511 2229 1674 2279 parlare

70 2297 152 2334 'tre
179 2295 353 2345 lingue:
385 2296 424 2335 13
452 2307 592 2346 greca,
623 2297 756 2336 l'osca
784 2308 807 2336 e
835 2297 876 2336 la
894 2297 1039 2336 latina.
1072 2297 1102 2335 Il
1134 2297 1354 2336 Poliziano
1374 2295 1514 2334 allude
1535 2307 1558 2333 a
1587 2296 1675 2334 vari

90 2359 182 2401 fatti
210 2361 320 2401 della
348 2373 425 2401 sua
451 2362 552 2409 vita,
581 2364 645 2401 tra
673 2362 755 2409 cui,
790 2373 875 2401 una
911 2361 1089 2408 visione,
1130 2361 1242 2400 nella
1279 2360 1405 2410 quale
1448 2360 1594 2398 diceva
1625 2360 1668 2397 di

91 2440 190 2468 aver
216 2432 401 2479 sognato
429 2429 507 2468 che
534 2429 708 2468 l’anima
736 2429 946 2468 d'Omero
974 2440 1046 2468 era
1067 2431 1236 2478 passata
1255 2427 1322 2466 nel
1344 2438 1423 2466 suo
1444 2438 1592 2476 corpo.
1616 2427 1675 2465 Fu

92 2496 202 2535 assai
229 2507 343 2543 caro,
364 2498 429 2535 tra
455 2497 467 2535 i
496 2496 616 2536 molti
644 2495 812 2542 illustri,
835 2507 859 2534 a
886 2495 1086 2545 Scipione
1104 2494 1324 2533 Affricano
1344 2494 1371 2532 il
1391 2493 1579 2539 vecchio,
1599 2493 1675 2532 che

90 2562 201 2601 volle
227 2561 342 2601 fosse
371 2565 496 2611 posto
525 2562 592 2600 nel
621 2573 701 2601 suo
728 2561 924 2611 sepolcro
953 2561 980 2599 il
1009 2561 1137 2600 busto
1166 2560 1208 2598 in
1238 2570 1401 2598 marmo
1430 2559 1498 2598 del
1529 2559 1672 2598 Poeta.

90 2628 204 2668 Mori
229 2628 272 2667 in
301 2629 494 2668 modesta
520 2628 708 2675 fortuna,
739 2640 761 2667 e
790 2627 932 2677 proibi
961 2627 1020 2677 gli
1049 2627 1083 2666 si
1114 2626 1363 2666 rendessero
1402 2626 1524 2665 onori
1555 2625 1675 2664 fune-

89 2694 171 2734 bri.
202 2695 262 2734 Fu
290 2695 457 2744 sepolto
485 2694 597 2733 nella
624 2694 770 2733 tomba
797 2694 912 2744 degli
940 2693 1144 2742 Scipioni,
1174 2704 1197 2731 e
1225 2695 1338 2731 sotto
1365 2692 1405 2730 la
1432 2703 1510 2731 sua
1537 2694 1674 2730 statua

88 2761 308 2811 leggevasi
337 2764 487 2811 questa
514 2760 751 2807 iscrizione,
780 2759 835 2799 da
853 2760 912 2798 lui
941 2763 1076 2800 stesso
1105 2759 1288 2797 dettata:
1320 2759 1450 2798 volito
1479 2758 1572 2797 viva
1598 2770 1674 2808 pet·

91 2838 168 2866 ora
197 2828 345 2867 mrum.
376 2826 513 2874 Imito,
534 2826 719 2866 sebbene
738 2829 965 2865 mostrasse
985 2826 1027 2864 di
1048 2836 1135 2864 non
1156 2825 1317 2863 tenerlo
1337 2825 1378 2863 in
1401 2836 1507 2874 gran
1528 2827 1670 2869 conto,

92 2892 217 2932 Gneo
246 2894 399 2933 Nevio.
429 2893 509 2932 Nei
537 2905 606 2933 vv.
636 2894 780 2932 476-77
808 2892 835 2931 il
858 2892 1076 2932 Poliziano
1104 2891 1245 2930 allude
1274 2891 1311 2931 al
1332 2895 1436 2931 noto
1466 2894 1600 2930 motto
1630 2891 1670 2929 di

91 2959 299 3008 Virgilio:
328 2971 372 2999 se
398 2970 550 2998 aarum
576 2958 781 3008 colligere
806 2959 857 2997 de
881 2959 1064 2997 stercore
1089 2957 1234 2997 Ennii.
