2002 3161
298 154 394 202 324
715 154 864 203 Poetz·
900 152 1148 203 amanisz‘i
1181 152 1441 216 maggiori

297 277 432 327 Tum
470 279 621 329 violae
658 294 685 329 e
723 280 915 343 patulis
951 277 1241 329 redolentia
1277 291 1497 326 munera
1532 279 1688 328 ramis

295 357 638 410 Praetendunt
674 361 822 410 laetos
859 360 1018 410 flores
1056 359 1384 421 implexaque
1422 360 1555 408 serta
1843 373 1887 406 35

293 438 546 503 Spirantis
584 455 758 491 rarum
795 442 929 491 veris
967 440 1142 490 decus.
1182 439 1352 488 Enitet
1388 438 1520 488 inter

291 521 502 572 Illustris
540 524 733 585 passim
771 522 917 572 floris
955 523 1406 584 monumentaque
1433 520 1611 570 divum

292 601 412 652 Flos
449 618 612 661 rarus,
650 603 752 653 flos
789 604 899 666 ipse
937 603 1213 652 hominum
1251 601 1335 649 vix
1371 602 1620 665 cognitus
1657 603 1770 662 ulli;

291 683 495 733 Heroes
532 687 728 733 norunt
765 688 814 734 et
851 683 1175 746 semideique
1213 681 1418 745 deique,

287 765 479 826 Iupiter
505 765 606 814 hoc
632 766 890 815 thalamos
918 764 1078 823 iubet,
1099 764 1202 813 hoc
1223 763 1367 812 iubet
1386 778 1543 813 aurea
1567 766 1760 814 coniux
1839 779 1882 810 40

287 845 466 898 Rorari
503 847 762 909 genialem
801 847 990 905 aulem,
1028 860 1148 894 cum
1187 845 1337 894 laetus
1374 848 1597 908 uterque

286 927 426 976 Laeta
464 928 624 992 agitat
662 929 943 991 sociosque
981 929 1165 990 parant
1201 926 1523 989 coniungere
1562 943 1794 978 somnos.

351 1008 466 1058 I-Ios
503 1009 635 1058 inter
670 1012 872 1073 gratam
911 1007 1109 1057 Alcidae
1147 1022 1239 1070 per
1276 1007 1512 1056 membra
1549 1009 1776 1071 quietem

283 1086 506 1138 Stillarat
542 1105 720 1153 sopor,
758 1093 808 1139 et
844 1090 1013 1139 fessos
1051 1090 1370 1137 recreaverat
1407 1091 1565 1138 artus.

281 1169 394 1231 Ipse
430 1174 604 1221 autem
643 1186 852 1221 sommo
890 1171 1099 1234 gravior
1134 1170 1410 1233 victusque
1447 1185 1642 1233 sopore
1832 1185 1874 1216 45

280 1250 705 1316 Horrentemque
742 1253 971 1302 animam
1009 1252 1109 1300 late
1146 1250 1211 1300 de
1249 1253 1466 1313 pectore
1503 1251 1723 1301 anhelus

279 1332 516 1383 Efflabat.
555 1334 833 1398 Nymphae,
872 1333 1082 1383 insolito
1121 1332 1187 1382 de
1223 1332 1369 1381 fonte
1406 1332 1616 1396 fragore

278 1414 482 1474 Excitae,
522 1415 732 1479 liquidis
769 1418 927 1478 caput
964 1429 1209 1464 exeruere
1245 1413 1345 1463 sub
1385 1414 1570 1473 undis;

277 1495 454 1559 thue
491 1497 659 1546 virum
697 1497 874 1546 videre
910 1511 1004 1559 per
1039 1494 1276 1545 haerbida
1312 1498 1460 1557 prata
1497 1496 1767 1555 iacentem,

276 1577 711 1642 Tendentemque
748 1581 906 1637 artuS‚
944 1581 1123 1627 mento
1162 1577 1390 1640 setisque
1428 1577 1700 1640 rigentem,
1827 1589 1868 1620 50

273 1657 730 1723 Claudentemque
768 1660 1057 1722 superciliis
1093 1673 1218 1707 cava
1254 1658 1466 1716 lumina,
1505 1659 1665 1707 risum

272 1739 624 1803 Ingeminant:
664 1741 794 1790 laetis
833 1740 1148 1802 interstrepit
1186 1738 1328 1788 unda
1366 1739 1649 1789 cachinnis.

272 1820 529 1874 Ridebant
566 1822 678 1871 aliae
716 1825 1017 1871 stertentem
1055 1822 1242 1879 heroa;
1281 1819 1373 1869 sed
1411 1821 1616 1870 haerens

271 1902 322 1950 In
363 1918 529 1965 puero
568 1918 675 1952 non
716 1904 828 1966 ipsa
866 1903 1068 1960 ocuIOS,
1107 1917 1214 1951 non
1254 1902 1452 1950 lumina
1487 1904 1697 1965 torquet

270 1982 468 2033 Blanda
506 1985 662 2043 Earis,
700 1985 960 2047 sentitque
998 1983 1111 2032 deae
1147 1982 1468 2045 zephiritidis
1511 1997 1688 2031 arcum
1817 1994 1857 2024 55

269 2064 564 2115 Tabificum
603 2067 917 2129 ultricesque
955 2079 1156 2114 manus.
1196 2065 1282 2122 Ea,
1320 2064 1451 2113 colle
1489 2065 1792 2126 propinquo

267 2146 535 2207 Insidians,
574 2149 733 2197 telum
772 2147 1002 2205 idalium,
1041 2144 1425 2195 immedicabile
1464 2146 1624 2194 telum

266 2227 580 2289 Perstrinxit,
609 2231 865 2280 ,sullatum
903 2230 1002 2278 alte
1040 2229 1424 2289 intinctumque
1449 2242 1654 2276 veneno

265 2311 443 2361 Fontis
481 2313 697 2362 acidalii.
740 2313 857 2362 I-loc
896 2312 1086 2361 etenim
1126 2310 1223 2359 dea
1260 2310 1437 2372 cypria
1473 2310 1577 2358 telo

263 2391 438 2442 Utitur
474 2394 525 2441 in
564 2394 837 2457 nymphas,
876 2393 1121 2456 quotiens
1165 2390 1403 2439 mortalia
1440 2389 1684 2453 nymphis
1808 2399 1851 2431 60

262 2471 459 2523 Obiicit
495 2489 601 2534 ora,
640 2476 1025 2537 hominumque
1064 2472 1188 2521 deas
1227 2474 1485 2534 pertentat
1521 2484 1715 2520 amore.

261 2553 472 2613 Interea,
508 2556 691 2605 catulis
729 2570 859 2618 puer
897 2554 962 2604 ad
1003 2568 1257 2617 praesaepe
1294 2553 1479 2615 ligatiS,

261 2634 511 2694 Ludebat,
549 2651 817 2700 pexosque
855 2651 1013 2684 manu
1052 2633 1330 2691 mulcebat,
1368 2636 1418 2682 et
1443 2632 1649 2681 haerbas

368 2819 411 2858 V.
428 2821 484 2858 43
497 2832 593 2870 sgg.
617 2821 865 2864 Rammenta
885 2824 1037 2870 questo
1055 2830 1182 2869 passo
1202 2819 1228 2858 l'
1245 2819 1423 2868 Eglog.:
1446 2816 1617 2856 Silenus
1636 2816 1746 2855 della
1764 2815 1847 2854 Bu-

255 2883 337 2922 col.
367 2883 618 2935 virgiliana,
650 2888 692 2925 di
712 2888 778 2926 cui
800 2888 828 2926 il
851 2886 1069 2926 Poliziano
1089 2885 1199 2924 nella
1219 2884 1342 2923 Seiva
1360 2883 1515 2922 Manto
1535 2882 1618 2932 (vv.
1643 2881 1841 2931 137-144).

1974 2390 1990 2411 «t.
1977 2260 1992 2333 εικῆ
1976 2118 1997 2233 ’.νει-μμ·
1983 2070 1993 2095 χ,
1991 1995 1993 1997 ,
