2002 3161
248 173 338 222 124
654 172 804 222 Poeti
837 172 1085 222 amanisti
1122 171 1382 237 maggiori

246 318 267 345 «
292 299 410 349 Hoc
430 299 564 364 jacet
582 299 805 350 Albierae
825 300 1103 363 pulchrum
1129 299 1228 350 sub
1256 312 1515 349 marmore
1540 312 1761 361 corpus;

305 380 462 431 Nulla
497 381 710 445 quidem
748 385 950 432 tantum
987 396 1248 432 marmora
1272 380 1441 431 laudis
1467 380 1677 430 habent.

241 462 467 512 Exornat
503 463 763 512 tumulum
791 477 999 526 eorpus,
1037 463 1129 512 sed
1166 463 1378 525 spiritus
1403 464 1570 511 astra:
1763 472 1824 504 285

305 542 356 593 O
393 545 588 606 quanta
625 545 839 594 accessit
875 544 1041 607 gloria
1067 545 1286 607 lausque
1323 543 1525 606 polo!»

807 846 875 895 IN
914 845 1279 897 LALAGEN.*

927 952 1067 1002 (Eleg.
1095 952 1166 1002 X.)

239 1038 426 1086 Laetior
462 1040 518 1086 ut
554 1051 752 1098 cervuS,
790 1040 1055 1100 protracto
1093 1038 1308 1088 naribus
1344 1040 1518 1102 angui,

303 1119 453 1168 Exuit
488 1134 692 1169 annoso
729 1134 928 1170 cornua
965 1135 1084 1170 cum
1112 1121 1290 1179 senio;

237 1200 407 1250 Aurea
443 1201 663 1251 callaicis
699 1204 755 1250 ut
792 1216 959 1265 nuper
985 1201 1198 1265 dempta
1234 1203 1453 1252 caminis

305 1283 498 1332 Lamna
533 1297 841 1345 repercusso
879 1283 1084 1334 dulcius
1110 1285 1230 1348 igne
1267 1285 1471 1343 tremit;

239 1362 511 1413 Pulchrior
535 1365 645 1414 eois
681 1367 738 1414 ut
774 1364 1119 1428 Phosphorus
1155 1366 1340 1415 emicat
1377 1365 1547 1425 undi3‚
1807 1378 1825 1410 ⁵

304 1444 648 1508 Phosphorus
686 1445 853 1495 idaliae
889 1446 973 1496 fax
999 1445 1241 1496 adamata
1266 1446 1405 1504 deae;

340 1580 356 1597 *
383 1579 603 1618 All'amica
622 1580 819 1626 risanata,
842 1583 1080 1619 commenta
1098 1580 1125 1619 il
1149 1580 1227 1619 Del
1258 1580 1426 1629 Lungo,
1456 1580 1587 1627 forse,
1618 1592 1737 1619 come
1766 1581 1824 1620 ho

239 1646 310 1696 gi&
328 1649 557 1686 accennato
586 1647 643 1697 (v.
673 1647 783 1696 eleg.
813 1647 897 1698 V.),
920 1647 961 1686 la
980 1650 1176 1696 poetessa
1202 1646 1460 1686 Alessandra
1478 1647 1611 1686 Scala.

347 1713 391 1752 V.
422 1716 455 1752 Ι.
488 1714 660 1753 Laetior
696 1715 744 1752 ut
777 1725 933 1753 cervus.
974 1713 1157 1753 Claudio
1197 1713 1345 1752 Eliano
1383 1714 1425 1753 di
1464 1714 1677 1761 Preneste,
1716 1714 1827 1753 nella

238 1790 315 1817 sua
341 1778 490 1818 Storia
517 1780 636 1829 degli
674 1779 871 1827 animali,
904 1779 1021 1829 parla
1062 1780 1172 1819 della
1202 1780 1420 1830 proprietb.
1462 1780 1539 1819 che
1577 1780 1761 1820 avrebbe
1799 1781 1826 1819 il

238 1857 363 1885 cervo
393 1847 434 1885 di
464 1849 551 1885 trar
576 1846 691 1886 fuori
719 1846 747 1885 il
777 1850 972 1896 serpente
1001 1847 1069 1886 dal
1089 1858 1213 1894 covo,
1235 1848 1357 1897 quasi
1388 1860 1464 1897 per
1482 1847 1625 1898 magia
1645 1849 1687 1887 di
1707 1848 1825 1895 flato,

239 1913 470 1962 aspirando
500 1916 663 1962 quanto
693 1913 767 1962 pisi
797 1912 885 1962 pub
923 1924 1003 1952 con
1042 1913 1080 1952 le
1117 1914 1247 1953 narici
1285 1914 1366 1953 alla
1393 1914 1525 1954 bocca
1553 1914 1663 1954 della
1699 1918 1821 1962 tana;

238 1979 290 2017 ed
319 1991 521 2019 enumera
548 1979 687 2019 altresi
716 1979 755 2018 le
785 1980 952 2029 ragioni
990 1992 1066 2030 per
1100 1980 1138 2019 le
1176 1980 1291 2029 quali
1334 1992 1357 2019 a
1384 1981 1443 2020 lui
1473 1981 1640 2020 cadono
1668 1993 1691 2020 e
1721 1982 1828 2020 rina-

238 2056 370 2085 scono
390 2046 429 2085 le
449 2057 592 2085 corna.
612 2045 758 2085 Anche
779 2046 916 2085 Plinio
936 2047 1046 2085 nella
1074 2046 1223 2086 Storia
1243 2048 1455 2094 naturale,
1480 2048 1688 2097 parlando
1717 2048 1827 2087 della

239 2124 395 2163 guerra
422 2112 498 2152 che
527 2112 540 2151 i
569 2112 680 2151 cervi
709 2112 910 2162 sogliono
940 2113 1030 2151 fare
1059 2113 1097 2152 ai
1133 2114 1335 2162 serpenti,
1375 2113 1466 2153 dice
1495 2125 1615 2153 come
1653 2115 1734 2154 essi
1774 2126 1826 2153 ne

237 2179 435 2219 cerchino
465 2178 810 2227 diligentemente
838 2179 876 2217 le
905 2182 1002 2218 tane
1030 2191 1052 2218 e
1081 2191 1134 2218 ne
1162 2183 1376 2229 traggano
1406 2179 1520 2219 fuori
1549 2180 1576 2219 il
1617 2181 1822 2220 renitente

238 2245 503 2294 coll'aspirar
531 2244 639 2283 delle
667 2245 823 2284 narici:
871 2245 1094 2295 Vestigant
1120 2257 1320 2285 cavernas
1359 2247 1607 2296 nariumque
1641 2247 1824 2297 spiritus

238 2310 470 2350 extrahunt
496 2311 724 2360 renitentes
752 2310 876 2360 (VIII,
907 2311 988 2360 50).

348 2377 394 2416 V.
425 2378 465 2415 3.
498 2376 706 2416 Callaicis
733 2378 927 2416 caminis.
969 2377 998 2415 11
1027 2389 1153 2426 paese
1180 2377 1246 2416 de’
1284 2377 1455 2417 Callaici
1485 2390 1512 2417 o
1541 2378 1718 2417 Gallaici
1756 2389 1826 2417 era

240 2444 379 2483 diviso
408 2444 450 2482 in
480 2444 563 2483 due
584 2443 738 2493 grandi
757 2443 895 2483 tribu:
927 2444 994 2483 dei
1025 2444 1201 2483 Luc-ensi
1227 2455 1249 2482 e
1278 2444 1345 2483 dei
1373 2445 1570 2485 Bracari.
1604 2445 1731 2484 L'oro
1752 2445 1823 2484 ab·

241 2511 440 2549 bondava
466 2511 508 2549 in
540 2511 639 2560 quei
667 2511 866 2550 territori.

349 2577 392 2616 V.
422 2578 463 2615 5.
486 2577 719 2616 Pulchrior
746 2578 833 2617 eois
860 2578 917 2625 ut,
947 2588 1030 2617 ecc.
1054 2577 1348 2618 Giustamente
1368 2578 1395 2617 il
1418 2578 1496 2618 Del
1517 2579 1669 2628 Lungo
1700 2579 1827 2618 rileva

242 2643 281 2681 la
310 2643 503 2681 evidente
531 2643 812 2693 somiglianza
839 2644 932 2694 (che
961 2655 1047 2682 non
1080 2645 1288 2693 parrebbe
1316 2644 1508 2695 fortuita)
1536 2648 1600 2684 tra
1633 2645 1770 2694 questi

244 2710 254 2747 i
286 2710 393 2748 versi
424 2710 490 2748 del
522 2710 701 2749 Foscolo
731 2710 827 2749 nell'
848 2710 972 2750 Ode:
1003 2710 1232 2750 All’amica
1261 2712 1489 2752 risanata:

730 2786 827 2825 Qual
853 2786 955 2829 degli
980 2786 1075 2820 antri
1102 2788 1232 2822 marini

727 2845 874 2879 L'astro
899 2844 960 2888 gia
985 2855 1073 2879 caro
1097 2856 1117 2880 a
1134 2847 1281 2882 Venere

725 2903 794 2937 Co’
821 2903 1015 2947 rugiadosi
1041 2904 1146 2948 crini,
1172 2915 1249 2941 ece.
