2002 3161
313 168 412 218 310
750 164 901 213 Paeti
933 165 1183 215 amanisti
1216 164 1478 230 maggiori

310 293 468 342 Nunc
503 290 660 355 igitur
696 304 816 352 quae
853 293 993 339 certa
1030 293 1206 340 manet
1241 290 1501 340 sententia
1546 289 1705 339 menti

311 372 559 435 Accipite,
595 374 646 420 et
681 385 802 434 quae
842 372 907 420 sit
942 371 1155 435 reliquis
1191 371 1317 420 mihi
1356 384 1482 420 cura
1518 369 1774 420 creandis.

310 452 648 504 Absolvenda
684 451 900 516 quidem
937 452 1122 502 mundi
1160 452 1419 502 inferioris
1455 452 1650 515 imag0,

310 534 546 594 Quando
582 534 737 582 etiam
773 533 983 597 generis
1020 547 1196 583 rerum
1233 533 1331 581 tria
1367 533 1570 582 semina
1605 534 1818 591 restant,

308 616 423 665 Nec
460 614 705 664 manibus
742 616 961 662 tractare
999 613 1157 663 deum
1197 614 1438 663 mortalia
1474 613 1553 662 fas
1589 615 1684 663 est.
1864 625 1908 657 75

312 696 492 756 Quare
509 696 662 759 agite,
678 697 728 744 et
744 694 936 744 celeres
951 710 1110 758 quam
1126 695 1355 758 primum
1373 693 1639 744 ascendite
1655 708 1840 743 currus

310 777 558 842 Aggressi
596 775 815 825 mortale
852 790 990 839 opus
1026 779 1076 825 et
1101 791 1271 841 genus
1297 790 1458 825 omne
1484 775 1840 831 animantum;

312 858 491 908 Aerias
526 856 784 906 celebrate
821 857 1019 920 plagas,
1057 858 1210 907 serite
1247 858 1478 921 aequoris
1515 855 1687 906 undas

314 939 643 1002 Tellurisque
679 939 826 987 sinus
861 938 1127 1001 gravidos,
1166 941 1223 987 ut
1259 952 1325 987 ne
1363 952 1468 1000 qua
1505 940 1718 999 peracto

314 1020 438 1070 Pars
475 1020 621 1083 operi
660 1022 749 1068 aut
785 1019 944 1069 rebus
980 1018 1114 1069 desit
1149 1022 1298 1082 pater
1335 1019 1447 1081 ipse
1483 1017 1739 1067 creandis.
1866 1032 1909 1063 so

313 1102 571 1164 Imprimis
607 1103 796 1150 teretes
833 1101 1116 1150 hominum
1154 1100 1483 1165 fingentibus
1521 1102 1667 1149 artus

312 1183 579 1233 Artificem
616 1197 806 1231 navare
842 1198 1074 1245 operam,
1112 1186 1223 1231 tum
1261 1181 1491 1232 condere
1527 1181 1765 1231 membra

313 1265 456 1315 Cura
493 1265 573 1323 sit,
609 1264 854 1313 aetherios
891 1263 1049 1313 divini
1088 1264 1302 1313 seminis
1337 1263 1558 1312 haustus

314 1346 450 1410 Apta
485 1345 691 1395 haurire
727 1346 933 1394 animos
969 1346 1167 1395 coelesti
1204 1359 1232 1394 e
1269 1345 1452 1394 fomite
1490 1343 1696 1393 ductos.

315 1428 384 1476 Hi
419 1426 643 1476 fundare
681 1427 839 1476 urbes
875 1427 1104 1489 populis,
1141 1427 1192 1475 hi
1232 1440 1431 1488 ponere
1469 1426 1596 1483 iura,
1867 1436 1909 1468 85

315 1508 523 1558 Addere
559 1511 609 1557 et
646 1509 866 1572 irnperio
904 1509 1088 1567 fasces,
1127 1509 1252 1557 dare
1290 1507 1508 1557 nomina
1548 1506 1709 1556 rebus

314 1591 649 1648 Assuescant,
675 1593 984 1653 rectumque
1010 1591 1175 1653 sequi,
1214 1593 1372 1653 atque
1397 1588 1590 1638 offerre
1616 1587 1840 1651 pericliS‚

316 1672 376 1720 Et
411 1685 650 1735 pugnare
687 1671 852 1730 maliS,
890 1674 939 1720 et
978 1672 1206 1720 honesto
1242 1671 1416 1719 vivere
1454 1671 1624 1732 part0‚

316 1753 488 1816 Atque
526 1753 713 1816 inopes
748 1767 923 1802 rerum
961 1767 1115 1802 casus
1151 1766 1400 1814 superare
1436 1749 1675 1810 ferend0‚

313 1834 455 1884 Dum
493 1833 717 1884 fluidum
756 1833 986 1883 solvetur
1022 1849 1176 1896 opuS,
1214 1832 1342 1882 dum
1380 1847 1585 1882 carcere
1621 1832 1739 1880 laxo
1865 1841 1908 1873 90

317 1916 444 1965 Iussi
481 1915 710 1965 sidereas
746 1916 865 1965 coeli
902 1917 1214 1964 revocentur
1251 1913 1317 1963 ad
1357 1928 1518 1962 arces.

315 1998 513 2047 Interea
549 1997 751 2046 altrices
788 2011 978 2058 operas
1013 1997 1318 2059 victumque
1354 1996 1592 2044 volentes

316 2078 553 2138 fundite,
592 2081 641 2127 et
677 2079 904 2142 ingentis
941 2078 1148 2127 animos
1184 2076 1453 2126 accendite
1492 2074 1649 2134 laudi,

316 2159 590 2213 Rectorem
612 2162 668 2209 ut
689 2162 911 2208 noscant
931 2173 1199 2222 superum,
1215 2158 1543 2220 patriamque
1558 2155 1839 2218 requirant,

316 2241 377 2289 Et
412 2255 598 2305 genus,
634 2243 685 2290 et
719 2240 837 2290 coeli
875 2255 1084 2289 sursum
1122 2239 1316 2301 templa
1353 2237 1516 2287 ardua
1553 2237 1784 2293 cernant,
1866 2245 1908 2278 95

316 2323 667 2385 Auctorisque
704 2322 783 2370 sui
822 2336 1084 2370 memores
1121 2321 1425 2382 iustumque
1463 2319 1718 2381 piumque

318 2402 549 2462 Servent,
585 2406 636 2452 et
673 2402 912 2465 placidos
949 2402 1153 2452 discant
1190 2416 1297 2450 non
1337 2404 1569 2449 temnere
1605 2397 1773 2447 divos.

315 2484 399 2533 Sic
435 2484 701 2547 placitum,
739 2484 812 2533 sic
848 2487 1027 2533 nostra
1064 2484 1231 2532 fluant
1254 2484 1398 2531 certo
1425 2479 1610 2530 ordine
1646 2478 1813 2528 fata.»

317 2564 458 2614 Dixit
494 2568 543 2613 et
581 2566 846 2628 ingentem
885 2568 1016 2613 nutu
1054 2563 1321 2612 concussit
1347 2561 1640 2622 Olimpum.

384 2646 453 2694 llli
491 2646 786 2708 praecipites
822 2644 1080 2707 liquidum
1118 2645 1315 2692 circum
1352 2642 1546 2691 aethera
1583 2639 1713 2702 lapsi
1846 2649 1906 2680 100

434 2829 479 2867 V.
512 2830 601 2867 100.
632 2829 709 2867 Illi
732 2828 1000 2877 praecipites,
1029 2829 1107 2866 etc.
1142 2825 1207 2864 Da
1235 2826 1388 2873 questo
1416 2833 1541 2861 verso
1561 2821 1600 2860 al
1620 2822 1695 2860 225
1715 2818 1738 2858 ‘e
1756 2819 1797 2857 la
1826 2818 1906 2858 Ge-

322 2895 490 2933 neratio
517 2906 657 2932 rerum
688 2895 959 2943 inferiorum,
1003 2905 1026 2931 e
1055 2892 1082 2930 il
1110 2892 1260 2930 lettore
1289 2888 1421 2928 vedra
1459 2888 1502 2926 di
1541 2886 1658 2936 quali
1697 2897 1719 2924 e
1749 2887 1908 2934 quante
