2002 3161
288 244 351 293 84
719 247 871 297 Poeti
902 249 1151 298 amanisti
1183 250 1443 314 maggiori

285 371 552 437 Publicus)
575 373 988 438 innumerosque
1008 375 1154 434 lares,
1176 375 1496 440 iunctosque
1515 377 1806 440 sepulchris

285 453 426 502 Mille
463 453 608 513 deos,
644 455 904 518 variisque
940 457 1227 506 animatum
1267 457 1503 520 partibus
1539 458 1739 519 orbem,

286 535 405 584 l-leu
442 535 632 585 frustra
668 536 876 585 coluere
913 537 1016 599 pii!
1053 539 1365 602 veniamque
1402 542 1664 603 rogantes,
1802 554 1868 586 265

283 615 687 680 Qualiacunque
723 631 822 667 suo
860 617 1138 680 placabant
1175 620 1393 669 numina
1429 623 1603 670 cantu.

282 698 407 746 Mox
441 698 603 748 chaos
639 701 689 748 et
725 699 886 748 teneri
924 700 1092 762 prima
1130 700 1450 751 incunabula
1488 701 1689 762 mundi,

283 779 342 828 Et
379 779 557 828 divum
593 795 763 843 genus
800 782 957 844 atque
993 781 1286 841 hominum,
1324 784 1373 831 et
1409 783 1588 833 titania
1624 784 1778 833 saecla

281 860 403 909 Non
443 861 623 910 humili
662 860 836 911 dixere
872 861 1014 922 tuba,
1053 878 1269 926 quoque
1306 863 1444 913 edita
1480 867 1635 927 partu

282 940 552 1002 Gramina,
588 942 1045 1007 frondiferumque
1105 959 1307 1004 nemus,
1343 948 1634 1009 gentesque
1671 947 1798 996 fera-

1575 1028 1734 1092 [rum:
1806 1039 1871 1074 270

280 1103 489 1162 Quidve
527 1120 716 1168 parens
753 1108 938 1155 natura
973 1107 1155 1170 agitet:
1196 1122 1396 1170 quosve
1422 1122 1579 1158 aurea
1606 1109 1800 1159 ducant

278 1185 429 1235 Astra
466 1187 684 1246 choros;
723 1190 779 1236 ut
815 1202 870 1237 se
906 1187 1146 1237 fraternis
1182 1188 1331 1238 Delia
1367 1189 1595 1240 flammis

280 1267 480 1327 Induat,
518 1272 568 1318 et
604 1268 761 1319 radiis
798 1268 982 1318 eadem
1020 1285 1144 1319 mox
1180 1269 1386 1332 depleat
1423 1271 1649 1330 haustis3

279 1349 416 1407 Quae
452 1351 589 1400 ccelo
627 1354 869 1413 portenta
904 1351 1097 1411 volent,
1135 1367 1357 1415 quemve
1395 1353 1475 1401 ille
1513 1354 1796 1403 tumultum

278 1432 507 1492 Misceat,
546 1436 635 1482 aut
672 1434 881 1497 quantis
916 1434 1140 1482 varietur
1177 1434 1242 1483 ab
1280 1434 1493 1498 ignibus
1529 1436 1641 1493 a‘er;
1800 1448 1861 1483 275

277 1511 403 1570 Quo
441 1513 586 1563 saliat
623 1517 906 1577 quassante
942 1514 1141 1573 solum;
1179 1515 1267 1578 qui
1305 1517 1547 1578 torqueat
1584 1531 1728 1565 error

277 1593 476 1644 Oceani
515 1595 707 1646 refluas
743 1595 914 1646 undas
951 1596 1253 1659 molemque
1291 1599 1572 1646 natantem.

277 1675 399 1725 Inde
436 1680 796 1727 sacrosanctas
834 1676 1088 1727 modulati
1128 1678 1356 1727 carmine
1393 1678 1553 1742 leges,

276 1757 622 1808 Multisonum
660 1759 828 1809 fecere
865 1774 1093 1809 nomon:
1132 1774 1228 1808 nec
1263 1759 1479 1809 vulnera
1516 1762 1718 1809 tantum

275 1838 437 1898 Saeva,
473 1840 565 1889 sed
604 1843 653 1890 et
689 1855 859 1890 caecos
892 1841 1172 1890 vincebant
1208 1842 1436 1891 carmine
1473 1841 1717 1891 morbos:
1799 1856 1865 1887 280

275 1919 503 1969 Sacrifici
542 1921 815 1985 quondam
852 1936 949 1971 nec
988 1921 1068 1971 dis
1106 1922 1286 1985 ignara
1323 1924 1497 1984 poetae

275 2000 528 2050 Nomina:
568 2002 694 2065 quin
733 2003 963 2066 magicas
1000 2017 1191 2052 arcano
1230 2017 1498 2052 murmure
1532 2004 1739 2068 linguas

275 2082 328 2129 In
365 2083 537 2132 varios
573 2082 767 2132 duxere
805 2083 1012 2134 modos.
1050 2083 1162 2133 Nec
1198 2083 1375 2133 fabula
1413 2083 1637 2133 mendax

274 2162 549 2213 Parrhasio
586 2164 786 2227 lapides
823 2165 1049 2215 movisse
1085 2164 1386 2227 Amphiona
1422 2165 1637 2229 plectrO,

380 2303 424 2343 V.
454 2305 537 2343 267
563 2316 659 2354 sgg.
683 2305 834 2344 Poesia
854 2306 1066 2355 primitiva
1093 2305 1159 2344 de'
1185 2305 1326 2352 Greci,
1348 2305 1523 2355 ispirata
1551 2305 1589 2344 al
1609 2305 1724 2344 culto
1744 2306 1858 2355 degli

272 2369 351 2408 Dei
371 2382 393 2409 e
414 2370 655 2421 all'origine
684 2371 792 2410 delle
821 2383 918 2411 cose
947 2383 969 2410 e
997 2372 1035 2410 ai
1064 2371 1280 2411 fenomeni
1309 2371 1504 2410 naturali.
1528 2371 1659 2412 Uffici
1679 2383 1702 2410 e
1721 2371 1858 2410 forme

270 2437 313 2475 di
333 2437 606 2486 quell’antica
635 2438 781 2487 poesia
808 2438 899 2477 fino
920 2450 943 2477 a
971 2438 1155 2486 Omero3
1186 2438 1375 2488 semplici
1395 2439 1504 2477 canti
1535 2439 1857 2488 accompagnati

270 2503 324 2541 da
344 2503 526 2543 melodie
540 2505 719 2544 costanti
739 2516 761 2544 e
781 2504 929 2554 uguali
949 2505 1143 2555 (nomon)
1161 2517 1170 2552 ;
1189 2504 1522 2554 gl'incantesimi
1537 2504 1629 2543 fatti
1646 2504 1709 2543 co'
1728 2505 1857 2543 carmi

270 2568 348 2607 alle
368 2569 488 2609 ferite
510 2582 531 2609 e
560 2571 639 2610 alle
668 2571 875 2619 malattie3
906 2571 964 2621 gl’
977 2572 1067 2610 inni
1096 2571 1206 2610 nelle
1225 2571 1453 2610 cerimonie
1481 2581 1620 2618 sacre;
1641 2570 1680 2609 le
1699 2570 1853 2620 magie.

269 2635 365 2684 Tipi
395 2637 504 2675 della
534 2638 680 2686 poesia
710 2638 942 2687 primitiva:
973 2637 1158 2676 Anfione
1195 2638 1509 2688 (ammaestrato
1546 2637 1657 2676 nella
1684 2637 1762 2675 lira
1801 2637 1855 2675 da

269 2701 500 2752 Mercurio)
537 2715 560 2742 e
598 2703 734 2742 Orfeo
764 2704 905 2754 (Mito,
937 2703 1047 2742 virtu
1079 2703 1189 2742 della
1217 2714 1294 2743 sua
1324 2704 1485 2753 poesia,
1515 2703 1678 2742 discesa
1706 2702 1854 2741 all’In-

268 2766 391 2806 ferno
409 2780 483 2817 per
505 2770 713 2817 Euridice,
731 2771 887 2810 strazio
909 2781 984 2819 per
1003 2781 1130 2809 mano
1151 2770 1259 2809 delle
1279 2770 1423 2809 donne
1443 2769 1544 2808 traci
1565 2769 1852 2819 (tlzressarum

268 2832 433 2882 injuria
462 2836 694 2885 matrum);
734 2835 988 2875 assunzione
1025 2835 1067 2873 in
1105 2835 1211 2874 cielo
1248 2834 1359 2873 della
1396 2845 1473 2874 sua
1509 2834 1609 2881 lira;
1650 2833 1852 2883 prodigio

268 2898 487 2939 attribuito
523 2901 560 2939 al
599 2913 678 2940 suo
715 2902 943 2941 simulacro
981 2913 1129 2951 presso
1167 2901 1333 2941 Libetra
1376 2901 1413 2940 al
1457 2900 1708 2940 cominciare
1745 2900 1854 2938 della

267 2965 513 3014 spedizione
541 2966 877 3015 d'Alessandro).
