2002 3161
288 221 379 271 164
711 217 862 268 Poeti
894 216 1142 267 amanisti
1178 216 1439 282 maggiori

283 347 370 397 llla
405 346 620 411 quidem
658 346 865 395 insueto
901 344 1116 408 languet
1153 344 1286 394 male
1322 343 1474 393 firma
1501 342 1701 403 dolore,
1851 355 1870 387 5

347 426 551 490 Vixque
588 427 761 489 potest
797 425 989 489 longae
1026 427 1104 473 tot
1141 423 1276 473 mala
1311 423 1446 473 ferre
1474 438 1667 473 morae.

281 508 350 558 At
385 510 457 566 tu,
495 507 643 565 Diva,
678 507 813 565 veni,
850 508 1132 568 tecumque
1169 508 1441 569 unguenta
1467 507 1708 568 repostae

350 588 574 653 Pyxidis,
612 591 661 637 et
697 588 847 651 siqua
883 589 975 645 est,
1014 601 1151 650 quae
1188 586 1346 650 juvet,
1385 586 1562 646 herba,
1590 586 1742 636 feras.

284 671 368 722 Sic
404 671 576 720 flentis
613 670 832 719 miseros
867 668 1073 732 juvenis
1115 682 1452 731 compescere
1490 671 1725 732 questuS,

351 749 433 800 Sic
470 763 574 798 una
610 747 807 811 poteris
843 748 983 796 sorte
1019 745 1189 795 levare
1227 745 1381 796 duos.
1839 757 1879 789 ιο

285 831 437 881 Lucis
473 828 620 879 adest
656 828 769 878 Dea
806 842 1021 890 magna:
1061 828 1259 876 metum
1296 827 1401 891 jam
1439 827 1744 889 comprime,

1563 907 1810 971 [Garlonz

349 993 473 1042 Non
509 991 701 1041 frustra
738 992 814 1040 est
851 989 1077 1039 lacrimis
1115 988 1201 1038 illa
1236 990 1423 1037 vocata
1460 989 1578 1038 tuis.

285 1074 367 1124 Da
404 1074 627 1131 costum,
654 1070 1025 1135 myrrhamque
1061 1069 1210 1128 focis,
1238 1083 1480 1133 quaeque
1518 1068 1650 1118 orbe
1676 1084 1748 1119 re-

1643 1151 1808 1214 [moto

352 1236 612 1287 Cinnama
648 1249 740 1298 per
776 1233 963 1283 rubras
1000 1233 1171 1282 navita
1206 1234 1375 1282 vectat
1411 1246 1591 1295 aquas.

285 1319 400 1382 lpse
438 1318 604 1368 Deam
640 1330 902 1375 venerare,
941 1328 1114 1365 sacras
1152 1313 1421 1378 projectus
1458 1313 1524 1363 ad
1561 1329 1704 1372 aras;
1839 1325 1877 1357 1⁵

352 1402 413 1450 Et
449 1399 625 1450 Genio
663 1411 925 1447 annosum
963 1410 1121 1459 saepe
1158 1395 1379 1445 refunde
1417 1410 1637 1445 merum.

286 1481 390 1534 Sed
427 1480 614 1544 trepidi
652 1494 853 1530 cessere
890 1480 1076 1538 metus,
1115 1491 1317 1527 cessere
1353 1477 1612 1540 querelae.

346 1564 459 1627 Jam
497 1563 630 1625 parit
665 1560 892 1611 adventu
930 1562 1065 1609 tacta
1101 1559 1274 1622 puella
1313 1558 1482 1608 Deae:

280 1646 394 1711 Jam
432 1659 655 1708 puerum
692 1646 770 1693 est
806 1643 982 1693 enixa:
1020 1641 1182 1700 vides,
1222 1643 1278 1690 ut
1314 1640 1511 1690 lumine
1549 1643 1766 1690 matrem

356 1725 663 1789 Exprimat?
699 1740 780 1785 en,
818 1727 999 1774 tenero
1038 1725 1270 1786 quantus
1308 1722 1361 1771 in
1399 1737 1489 1772 ore
1526 1721 1702 1772 decor.
1841 1734 1884 1766 20

289 1808 452 1867 Salve,
490 1822 646 1870 parve
683 1820 829 1869 puer,
867 1806 949 1854 cui
988 1805 1092 1868 jam
1130 1803 1299 1853 felicia
1335 1802 1507 1852 rident

357 1888 599 1946 Saecula3
637 1888 718 1937 cui
756 1887 1053 1950 pharetram
1091 1888 1282 1948 sponte
1319 1885 1531 1935 remittit
1567 1883 1746 1934 Amor.

289 1971 427 2021 Nam
465 1971 571 2020 sive
607 1969 799 2019 auratis
837 1968 1086 2017 humeros
1123 1981 1323 2015 armare
1359 1966 1577 2030 sagittis,

358 2052 460 2102 Seu
496 2052 639 2115 juvet
675 2063 921 2099 accensas
959 2048 1237 2098 sollicitare
1273 2046 1441 2105 faces3

291 2135 393 2186 Seu
431 2134 609 2198 potius
645 2133 837 2197 jactare
874 2131 1010 2180 leves
1048 2129 1312 2192 pueriliter
1348 2128 1469 2188 alas,
1840 2139 1882 2172 25

358 2216 418 2265 Et
455 2214 579 2264 dare
616 2213 879 2278 neglectas
916 2214 1037 2274 post
1073 2213 1162 2260 tua
1199 2213 1344 2274 terga
1380 2223 1586 2259 comas:

292 2297 430 2357 Quis
466 2299 515 2345 te
552 2309 660 2355 non
698 2294 909 2357 Paphiis
949 2293 1200 2342 nutritum
1226 2290 1464 2349 vallibuS‚
1502 2293 1591 2340 aut
1627 2290 1745 2354 quis

361 2378 548 2427 Idaliae
585 2377 813 2426 Puerum
851 2390 958 2424 non
995 2377 1144 2437 putet
1181 2388 1296 2424 esse
1333 2373 1521 2423 Deae?

293 2460 435 2519 Vive,
473 2473 675 2522 precor,
713 2456 1076 2520 blandumque
1114 2456 1282 2505 oculis
1318 2455 1487 2504 ridere
1524 2454 1724 2517 parenti

363 2541 645 2598 Assuesce;
683 2542 732 2589 et
769 2537 949 2588 dulces
987 2536 1129 2587 disce
1166 2551 1376 2586 movere
1412 2536 1579 2600 jocos.
1831 2545 1882 2577 ³0

407 2696 451 2735 V.
488 2697 550 2736 16.
591 2696 646 2735 Et
685 2695 820 2735 Genio
856 2704 1063 2734 annosam
1098 2704 1221 2742 saepe
1255 2692 1435 2742 refunde
1472 2701 1642 2730 merum.
1681 2688 1815 2727 Come
1844 2687 1882 2726 le

298 2763 442 2802 donne
472 2762 643 2808 Lucina,
673 2760 760 2801 cosi
781 2761 849 2799 nei
868 2760 962 2799 loro
990 2759 1164 2809 bisogni
1194 2758 1253 2809 gli
1274 2757 1437 2797 uomini
1458 2757 1722 2796 invocavano
1741 2754 1770 2793 il
1791 2765 1883 2793 soc-

299 2839 424 2870 corso
453 2828 520 2867 del
551 2828 691 2868 Genio
721 2826 912 2868 tutelare.

409 2896 453 2935 V.
482 2897 551 2934 27.
584 2895 691 2943 Quis
728 2896 767 2934 te
803 2906 886 2934 non
912 2893 1107 2944 Paphiis,
1146 2896 1225 2932 etc.
1266 2893 1310 2932 In
1342 2889 1447 2931 Pafo
1483 2900 1554 2930 era
1589 2887 1617 2927 il
1652 2887 1883 2938 principale

299 2961 517 3004 santuario
545 2962 588 3001 di
615 2963 777 3002 Venere
807 2961 987 3001 Fenicia.
