2002 3161
660 172 861 236 Angelo
896 170 1169 221 Polizz'ano
1619 172 1709 220 135

186 299 311 348 Mox
347 297 418 347 tbi
457 296 666 347 sublato
705 295 1026 346 modulabor
1062 295 1266 358 pectine
1302 309 1499 352 versuS‚

250 377 495 429 Cultibus
532 377 750 427 assuerit
785 391 905 426 cum
946 390 1062 425 mea
1098 390 1248 424 musa
1285 375 1450 424 novis.

646 589 713 638 IN
752 588 1180 642 MARSILIUM.*

751 685 918 736 (Epigr.
948 684 1075 734 XXI.)

119 769 311 827 Mores,
349 768 634 831 ingenium,
672 781 865 826 musas,
904 766 1254 829 sophiamque
1291 779 1591 828 supremam

183 849 275 899 Vis
311 864 419 899 uno
457 848 628 898 dicam
665 847 923 898 nomine?
965 847 1241 897 Marsilius.

670 1063 738 1112 IN
776 1062 1158 1114 MABILIUM.*

730 1158 899 1209 (Epigr.
929 1158 1090 1207 XLIII.)

118 1242 409 1290 Innumerae
446 1240 536 1290 tibi
575 1243 713 1299 sunt,
750 1239 946 1299 Malam,
983 1239 1034 1288 in
1072 1239 1301 1288 carmIne
1339 1238 1565 1297 mendae,

184 1321 354 1386 Atque
390 1321 480 1372 ubi
519 1322 621 1372 sint
657 1322 874 1386 quaeriS:
913 1335 1006 1384 per
1042 1334 1184 1371 mare
1219 1321 1412 1384 quaeris
1448 1334 1656 1384 aquam.

516 1535 585 1584 IN
624 1533 984 1588 PICTURAM
1011 1533 1310 1593 PUELLAE,

500 1625 585 1658 quae
611 1614 649 1649 In
674 1614 818 1650 deliciis
845 1614 1046 1649 Laurentio
1072 1613 1212 1649 Medici
1237 1614 1323 1649 est.*

762 1690 932 1740 (Epigr.
963 1689 1064 1740 LV.)

117 1773 197 1823 Ne
232 1772 431 1832 dubita,
469 1773 606 1836 picta
642 1774 718 1822 est
755 1787 915 1835 quam
953 1772 1123 1822 cernis
1157 1772 1336 1836 virgo:
1375 1770 1467 1821 sed
1506 1785 1654 1822 acres

185 1854 342 1904 Hisce
379 1855 546 1904 oculis
581 1854 821 1903 flammas
858 1854 1147 1918 ejaculatur
1185 1852 1375 1911 Amor;

119 1935 276 1985 Hisce
313 1936 479 1986 oculis
514 1950 697 1985 vocem
737 1934 881 1984 dedit
918 1949 1014 1995 ars,
1053 1935 1354 1999 linguaeque
1392 1934 1616 1999 negavit.

185 2017 303 2067 Heu
338 2017 494 2081 fuge!
534 2016 635 2068 Sed
673 2017 815 2066 nulla
851 2020 929 2067 est
965 2017 1070 2081 jam
1109 2016 1260 2080 fuga:
1298 2016 1489 2065 vulnus
1526 2015 1706 2065 habes.

218 2156 268 2194 V.
301 2157 363 2194 11.
395 2156 427 2195 E
455 2156 571 2206 quali
600 2167 622 2194 e
652 2158 810 2206 quante
838 2156 927 2195 lodi
956 2166 1144 2195 vennero
1174 2155 1262 2205 poi,
1293 2155 1463 2194 sublato
1489 2155 1686 2204 pectine!

220 2221 237 2239 *
267 2221 347 2261 Per
374 2222 566 2262 Marsilio
596 2222 755 2262 Picino.

220 2287 237 2306 *
266 2287 337 2327 Gli
365 2289 618 2338 epigrammi
639 2291 787 2328 contro
809 2287 987 2328 Mahilio
1007 2288 1141 2338 (mala
1161 2288 1246 2327 bile
1260 2287 1514 2337 praeditus),
1536 2286 1564 2326 il
1587 2290 1712 2336 poeta

118 2355 409 2404 spropositato
437 2355 618 2394 Michele
646 2355 832 2395 Marullo
861 2355 977 2394 detto
1005 2355 1272 2400 Tarcaniota,
1312 2365 1421 2393 sono
1460 2353 1653 2403 parecehi
1688 2365 1710 2392 e

118 2432 205 2460 non
235 2421 330 2460 tutti
359 2422 648 2460 convenienti:
680 2424 1016 2470 rappresentano
1038 2432 1095 2460 un
1116 2423 1334 2460 momento
1355 2420 1561 2460 doloroso
1581 2431 1604 2458 e
1624 2431 1710 2458 non

117 2490 231 2527 certo
259 2500 411 2528 sereno
440 2488 549 2527 della
576 2488 662 2527 vita
691 2488 758 2526 del
789 2488 853 2534 1³„
892 2487 969 2526 che
1008 2486 1193 2526 trascinb
1234 2498 1314 2525 con
1348 2487 1430 2525 essi
1470 2489 1629 2536 troppo
1668 2486 1710 2525 in

117 2556 245 2596 basso
272 2555 299 2594 iI
329 2566 409 2595 suo
438 2554 573 2604 polito
602 2554 748 2593 latino.
773 2554 840 2593 Do
864 2557 1016 2604 questo
1038 2554 1148 2600 solo,
1170 2553 1440 2600 brevissimo,
1462 2564 1583 2593 come
1612 2552 1707 2592 tutti

119 2622 179 2671 gli
209 2621 316 2668 altri,
348 2622 390 2660 di
419 2632 527 2671 poca
555 2632 582 2660 o
610 2632 796 2660 nessuna
824 2621 1090 2670 importanza
1120 2620 1227 2669 oggi
1259 2631 1335 2669 per
1362 2619 1452 2659 noi.

221 2688 238 2706 *
267 2687 481 2728 Fanciulla
510 2689 647 2726 amata
675 2687 730 2726 da
758 2688 948 2726 Lorenzo
979 2687 1044 2726 de'
1078 2686 1249 2726 Medici.

878 2793 954 2953 I
