<?xml version="1.0" encoding="UTF-8"?>
<!DOCTYPE html PUBLIC "-//W3C//DTD XHTML 1.0 Transitional//EN"
    "http://www.w3.org/TR/xhtml1/DTD/xhtml1-transitional.dtd">
<html xmlns="http://www.w3.org/1999/xhtml" xml:lang="en" lang="en">
 <head>
  <title>
</title>
<meta http-equiv="Content-Type" content="text/html;charset=utf-8" />
  <meta name='ocr-system' content='tesseract 3.04.00' />
  <meta name='ocr-capabilities' content='ocr_page ocr_carea ocr_par ocr_line ocrx_word'/>
</head>
<body>
  <div class='ocr_page' id='page_1' title='image "./poetiumanistimag00griluoft_0076.png"; bbox 0 0 2002 3161; ppageno 0'>
   <div class='ocr_carea' id='block_1_1' title="bbox 229 167 1387 233">
    <p class='ocr_par' dir='ltr' id='par_1_1' title="bbox 229 167 1387 233">
     <span class='ocr_line' id='line_1_1' title="bbox 229 167 1387 233; baseline -0.009 -5"><span class='ocrx_word' id='word_1_1' title='bbox 229 180 291 228; x_wconf 83' lang='lat'>44</span> <span class='ocrx_word' id='word_1_2' title='bbox 658 173 808 222; x_wconf 67' lang='lat' dir='ltr'>Poeta·</span> <span class='ocrx_word' id='word_1_3' title='bbox 842 171 1092 223; x_wconf 79' lang='lat' dir='ltr'>amanisti</span> <span class='ocrx_word' id='word_1_4' title='bbox 1130 167 1387 233; x_wconf 82' lang='lat' dir='ltr'>maggiori</span> 
     </span>
    </p>
   </div>
   <div class='ocr_carea' id='block_1_2' title="bbox 229 291 1826 2221">
    <p class='ocr_par' dir='ltr' id='par_1_2' title="bbox 229 291 1493 362">
     <span class='ocr_line' id='line_1_2' title="bbox 229 291 1493 362; baseline -0.009 -12"><span class='ocrx_word' id='word_1_5' title='bbox 229 298 474 362; x_wconf 86' lang='lat' dir='ltr'>Seposuit</span> <span class='ocrx_word' id='word_1_6' title='bbox 513 296 740 355; x_wconf 88' lang='lat' dir='ltr'>Bromio,</span> <span class='ocrx_word' id='word_1_7' title='bbox 779 295 986 358; x_wconf 90' lang='lat' dir='ltr'>quoties</span> <span class='ocrx_word' id='word_1_8' title='bbox 1023 291 1290 355; x_wconf 81' lang='lat' dir='ltr'>praedivite</span> <span class='ocrx_word' id='word_1_9' title='bbox 1327 304 1493 340; x_wconf 88' lang='lat' dir='ltr'>cornu</span> 
     </span>
    </p>

    <p class='ocr_par' dir='ltr' id='par_1_3' title="bbox 231 371 1462 443">
     <span class='ocr_line' id='line_1_3' title="bbox 231 371 1462 443; baseline -0.01 -12"><span class='ocrx_word' id='word_1_10' title='bbox 231 380 403 443; x_wconf 90' lang='lat' dir='ltr'>Copia</span> <span class='ocrx_word' id='word_1_11' title='bbox 438 393 493 428; x_wconf 92' lang='lat' dir='ltr'>se</span> <span class='ocrx_word' id='word_1_12' title='bbox 529 376 692 434; x_wconf 82' lang='lat' dir='ltr'>fudit;</span> <span class='ocrx_word' id='word_1_13' title='bbox 730 375 987 439; x_wconf 87' lang='lat' dir='ltr'>placidam</span> <span class='ocrx_word' id='word_1_14' title='bbox 1026 375 1067 423; x_wconf 91' lang='lat' dir='ltr'>si</span> <span class='ocrx_word' id='word_1_15' title='bbox 1104 373 1234 422; x_wconf 91' lang='lat' dir='ltr'>lacte</span> <span class='ocrx_word' id='word_1_16' title='bbox 1270 371 1462 421; x_wconf 85' lang='lat' dir='ltr'><strong>recenti</strong></span> 
     </span>
    </p>

    <p class='ocr_par' dir='ltr' id='par_1_4' title="bbox 231 453 1815 521">
     <span class='ocr_line' id='line_1_4' title="bbox 231 453 1815 521; baseline -0.008 -10"><span class='ocrx_word' id='word_1_17' title='bbox 231 461 472 511; x_wconf 77' lang='lat' dir='ltr'>pastores</span> <span class='ocrx_word' id='word_1_18' title='bbox 508 471 744 521; x_wconf 82' lang='lat' dir='ltr'>sparsere</span> <span class='ocrx_word' id='word_1_19' title='bbox 781 456 972 514; x_wconf 85' lang='lat' dir='ltr'>Palem,</span> <span class='ocrx_word' id='word_1_20' title='bbox 1009 453 1307 517; x_wconf 83' lang='lat' dir='ltr'>spumantia</span> <span class='ocrx_word' id='word_1_21' title='bbox 1344 454 1626 515; x_wconf 84' lang='lat' dir='ltr'>postquam</span> <span class='ocrx_word' id='word_1_22' title='bbox 1796 467 1815 498; x_wconf 87' lang='lat'><strong>5</strong></span> 
     </span>
    </p>

    <p class='ocr_par' dir='ltr' id='par_1_5' title="bbox 230 534 1729 605">
     <span class='ocr_line' id='line_1_5' title="bbox 230 534 1729 605; baseline -0.007 -12"><span class='ocrx_word' id='word_1_23' title='bbox 230 542 573 605; x_wconf 89' lang='lat' dir='ltr'>Complerant</span> <span class='ocrx_word' id='word_1_24' title='bbox 609 538 802 588; x_wconf 92' lang='lat' dir='ltr'>olidam</span> <span class='ocrx_word' id='word_1_25' title='bbox 840 551 999 600; x_wconf 86' lang='lat' dir='ltr'>supra</span> <span class='ocrx_word' id='word_1_26' title='bbox 1035 538 1193 598; x_wconf 92' lang='lat' dir='ltr'>caput</span> <span class='ocrx_word' id='word_1_27' title='bbox 1230 534 1391 584; x_wconf 90' lang='lat' dir='ltr'>ubera</span> <span class='ocrx_word' id='word_1_28' title='bbox 1428 534 1729 592; x_wconf 91' lang='lat' dir='ltr'>mulctram;</span> 
     </span>
    </p>

    <p class='ocr_par' dir='ltr' id='par_1_6' title="bbox 231 616 1596 684">
     <span class='ocr_line' id='line_1_6' title="bbox 231 616 1596 684; baseline -0.007 -11"><span class='ocrx_word' id='word_1_29' title='bbox 231 624 487 673; x_wconf 86' lang='lat' dir='ltr'>Primitias</span> <span class='ocrx_word' id='word_1_30' title='bbox 523 624 572 671; x_wconf 91' lang='lat' dir='ltr'>et</span> <span class='ocrx_word' id='word_1_31' title='bbox 608 621 833 684; x_wconf 91' lang='lat' dir='ltr'>quisque</span> <span class='ocrx_word' id='word_1_32' title='bbox 870 619 949 669; x_wconf 88' lang='lat' dir='ltr'>sui</span> <span class='ocrx_word' id='word_1_33' title='bbox 986 618 1083 667; x_wconf 77' lang='lat' dir='ltr'>fert</span> <span class='ocrx_word' id='word_1_34' title='bbox 1120 616 1351 665; x_wconf 88' lang='lat' dir='ltr'>muneris</span> <span class='ocrx_word' id='word_1_35' title='bbox 1388 618 1596 672; x_wconf 88' lang='lat' dir='ltr'>auctor;</span> 
     </span>
    </p>

    <p class='ocr_par' dir='ltr' id='par_1_7' title="bbox 231 695 1749 767">
     <span class='ocr_line' id='line_1_7' title="bbox 231 695 1749 767; baseline -0.007 -12"><span class='ocrx_word' id='word_1_36' title='bbox 231 705 342 755; x_wconf 90' lang='lat' dir='ltr'>Cur</span> <span class='ocrx_word' id='word_1_37' title='bbox 377 719 478 767; x_wconf 89' lang='lat' dir='ltr'>ego</span> <span class='ocrx_word' id='word_1_38' title='bbox 516 717 623 751; x_wconf 92' lang='lat' dir='ltr'>non</span> <span class='ocrx_word' id='word_1_39' title='bbox 660 715 844 750; x_wconf 90' lang='lat' dir='ltr'>vocem</span> <span class='ocrx_word' id='word_1_40' title='bbox 872 700 1023 758; x_wconf 90' lang='lat' dir='ltr'>hanc,</span> <span class='ocrx_word' id='word_1_41' title='bbox 1050 700 1139 748; x_wconf 90' lang='lat' dir='ltr'>aut</span> <span class='ocrx_word' id='word_1_42' title='bbox 1166 698 1207 747; x_wconf 90' lang='lat' dir='ltr'>si</span> <span class='ocrx_word' id='word_1_43' title='bbox 1235 695 1362 760; x_wconf 88' lang='lat' dir='ltr'>quid</span> <span class='ocrx_word' id='word_1_44' title='bbox 1388 696 1600 759; x_wconf 87' lang='lat' dir='ltr'>spiritus</span> <span class='ocrx_word' id='word_1_45' title='bbox 1626 696 1749 745; x_wconf 92' lang='lat' dir='ltr'>olim</span> 
     </span>
    </p>

    <p class='ocr_par' dir='ltr' id='par_1_8' title="bbox 233 777 1632 847">
     <span class='ocr_line' id='line_1_8' title="bbox 233 777 1632 847; baseline -0.007 -11"><span class='ocrx_word' id='word_1_46' title='bbox 233 785 480 847; x_wconf 81' lang='lat' dir='ltr'>Concipit</span> <span class='ocrx_word' id='word_1_47' title='bbox 516 783 804 847; x_wconf 91' lang='lat' dir='ltr'>egregium,</span> <span class='ocrx_word' id='word_1_48' title='bbox 841 782 882 831; x_wconf 90' lang='lat' dir='ltr'>si</span> <span class='ocrx_word' id='word_1_49' title='bbox 921 781 1009 844; x_wconf 92' lang='lat' dir='ltr'>qui</span> <span class='ocrx_word' id='word_1_50' title='bbox 1048 794 1196 829; x_wconf 90' lang='lat' dir='ltr'>mens</span> <span class='ocrx_word' id='word_1_51' title='bbox 1233 777 1396 828; x_wconf 92' lang='lat' dir='ltr'>ardua</span> <span class='ocrx_word' id='word_1_52' title='bbox 1432 778 1632 827; x_wconf 83' lang='lat' dir='ltr'>conscit</span> 
     </span>
    </p>

    <p class='ocr_par' dir='ltr' id='par_1_9' title="bbox 234 859 1821 928">
     <span class='ocr_line' id='line_1_9' title="bbox 234 859 1821 928; baseline -0.008 -11"><span class='ocrx_word' id='word_1_53' title='bbox 234 869 424 921; x_wconf 85' lang='lat' dir='ltr'>Rarum</span> <span class='ocrx_word' id='word_1_54' title='bbox 463 866 667 928; x_wconf 84' lang='lat' dir='ltr'>insigne</span> <span class='ocrx_word' id='word_1_55' title='bbox 704 863 818 923; x_wconf 85' lang='lat' dir='ltr'>sibi,</span> <span class='ocrx_word' id='word_1_56' title='bbox 855 863 897 913; x_wconf 92' lang='lat' dir='ltr'>si</span> <span class='ocrx_word' id='word_1_57' title='bbox 935 876 1044 926; x_wconf 93' lang='lat' dir='ltr'>quo</span> <span class='ocrx_word' id='word_1_58' title='bbox 1081 875 1136 911; x_wconf 92' lang='lat' dir='ltr'>se</span> <span class='ocrx_word' id='word_1_59' title='bbox 1174 874 1440 909; x_wconf 90' lang='lat' dir='ltr'>murmure</span> <span class='ocrx_word' id='word_1_60' title='bbox 1477 859 1632 923; x_wconf 71' lang='lat' dir='ltr'>iactat</span> <span class='ocrx_word' id='word_1_61' title='bbox 1782 873 1821 904; x_wconf 81' lang='grc' dir='ltr'>ιο</span> 
     </span>
    </p>

    <p class='ocr_par' dir='ltr' id='par_1_10' title="bbox 233 940 1753 1013">
     <span class='ocr_line' id='line_1_10' title="bbox 233 940 1753 1013; baseline -0.006 -15"><span class='ocrx_word' id='word_1_62' title='bbox 233 949 433 1013; x_wconf 87' lang='lat' dir='ltr'>Lingua</span> <span class='ocrx_word' id='word_1_63' title='bbox 470 949 675 1010; x_wconf 91' lang='lat' dir='ltr'>potens,</span> <span class='ocrx_word' id='word_1_64' title='bbox 713 960 806 994; x_wconf 91' lang='lat' dir='ltr'>cur</span> <span class='ocrx_word' id='word_1_65' title='bbox 842 959 951 994; x_wconf 91' lang='lat' dir='ltr'>non</span> <span class='ocrx_word' id='word_1_66' title='bbox 988 946 1158 992; x_wconf 92' lang='lat' dir='ltr'>totum</span> <span class='ocrx_word' id='word_1_67' title='bbox 1186 942 1236 990; x_wconf 94' lang='lat' dir='ltr'>in</span> <span class='ocrx_word' id='word_1_68' title='bbox 1263 941 1527 1004; x_wconf 88' lang='lat' dir='ltr'>praeconia</span> <span class='ocrx_word' id='word_1_69' title='bbox 1554 940 1753 990; x_wconf 89' lang='lat' dir='ltr'>solvam</span> 
     </span>
    </p>

    <p class='ocr_par' dir='ltr' id='par_1_11' title="bbox 235 1022 1436 1091">
     <span class='ocr_line' id='line_1_11' title="bbox 235 1022 1436 1091; baseline -0.007 -12"><span class='ocrx_word' id='word_1_70' title='bbox 235 1028 515 1079; x_wconf 84' lang='lat' dir='ltr'>Maeonidae</span> <span class='ocrx_word' id='word_1_71' title='bbox 553 1027 745 1091; x_wconf 90' lang='lat' dir='ltr'>magni,</span> <span class='ocrx_word' id='word_1_72' title='bbox 783 1026 936 1090; x_wconf 89' lang='lat' dir='ltr'>cujus</span> <span class='ocrx_word' id='word_1_73' title='bbox 973 1024 1039 1074; x_wconf 94' lang='lat' dir='ltr'>de</span> <span class='ocrx_word' id='word_1_74' title='bbox 1075 1023 1282 1088; x_wconf 77' lang='lat' dir='ltr'>gurgite</span> <span class='ocrx_word' id='word_1_75' title='bbox 1318 1022 1436 1071; x_wconf 92' lang='lat' dir='ltr'>vivo</span> 
     </span>
    </p>

    <p class='ocr_par' dir='ltr' id='par_1_12' title="bbox 235 1101 1658 1161">
     <span class='ocr_line' id='line_1_12' title="bbox 235 1101 1658 1161; baseline -0.007 -1"><span class='ocrx_word' id='word_1_76' title='bbox 235 1109 509 1161; x_wconf 90' lang='lat' dir='ltr'>Combibit</span> <span class='ocrx_word' id='word_1_77' title='bbox 546 1122 766 1157; x_wconf 90' lang='lat' dir='ltr'>arcanos</span> <span class='ocrx_word' id='word_1_78' title='bbox 800 1109 978 1155; x_wconf 92' lang='lat' dir='ltr'>vatum</span> <span class='ocrx_word' id='word_1_79' title='bbox 1017 1104 1190 1154; x_wconf 89' lang='lat' dir='ltr'>omnis</span> <span class='ocrx_word' id='word_1_80' title='bbox 1227 1102 1380 1152; x_wconf 86' lang='lat' dir='ltr'>turba</span> <span class='ocrx_word' id='word_1_81' title='bbox 1415 1101 1658 1151; x_wconf 77' lang='lat' dir='ltr'>furores?</span> 
     </span>
    </p>

    <p class='ocr_par' dir='ltr' id='par_1_13' title="bbox 235 1184 1525 1255">
     <span class='ocr_line' id='line_1_13' title="bbox 235 1184 1525 1255; baseline -0.009 -12"><span class='ocrx_word' id='word_1_82' title='bbox 235 1193 414 1255; x_wconf 91' lang='lat' dir='ltr'>thue</span> <span class='ocrx_word' id='word_1_83' title='bbox 448 1189 710 1240; x_wconf 82' lang='lat' dir='ltr'>laboriferi</span> <span class='ocrx_word' id='word_1_84' title='bbox 747 1188 941 1238; x_wconf 81' lang='lat' dir='ltr'>ferrum</span> <span class='ocrx_word' id='word_1_85' title='bbox 980 1187 1111 1249; x_wconf 90' lang='lat' dir='ltr'>lapis</span> <span class='ocrx_word' id='word_1_86' title='bbox 1149 1184 1390 1235; x_wconf 85' lang='lat' dir='ltr'>Herculis</span> <span class='ocrx_word' id='word_1_87' title='bbox 1427 1184 1525 1232; x_wconf 86' lang='lat' dir='ltr'>alte</span> 
     </span>
    </p>

    <p class='ocr_par' dir='ltr' id='par_1_14' title="bbox 235 1263 1823 1337">
     <span class='ocr_line' id='line_1_14' title="bbox 235 1263 1823 1337; baseline -0.008 -14"><span class='ocrx_word' id='word_1_88' title='bbox 235 1273 409 1337; x_wconf 87' lang='lat' dir='ltr'>Erigit,</span> <span class='ocrx_word' id='word_1_89' title='bbox 447 1275 497 1322; x_wconf 91' lang='lat' dir='ltr'>et</span> <span class='ocrx_word' id='word_1_90' title='bbox 532 1271 725 1334; x_wconf 91' lang='lat' dir='ltr'>longos</span> <span class='ocrx_word' id='word_1_91' title='bbox 761 1268 1042 1332; x_wconf 89' lang='lat' dir='ltr'>chalybum</span> <span class='ocrx_word' id='word_1_92' title='bbox 1080 1266 1263 1329; x_wconf 90' lang='lat' dir='ltr'>procul</span> <span class='ocrx_word' id='word_1_93' title='bbox 1302 1265 1531 1327; x_wconf 89' lang='lat' dir='ltr'>implicat</span> <span class='ocrx_word' id='word_1_94' title='bbox 1568 1263 1725 1314; x_wconf 85' lang='lat' dir='ltr'>orbes</span> <span class='ocrx_word' id='word_1_95' title='bbox 1785 1276 1823 1308; x_wconf 82' lang='lat'>15</span> 
     </span>
    </p>

    <p class='ocr_par' dir='ltr' id='par_1_15' title="bbox 235 1344 1755 1417">
     <span class='ocr_line' id='line_1_15' title="bbox 235 1344 1755 1417; baseline -0.008 -13"><span class='ocrx_word' id='word_1_96' title='bbox 235 1355 460 1417; x_wconf 87' lang='lat' dir='ltr'>Vimque</span> <span class='ocrx_word' id='word_1_97' title='bbox 498 1366 646 1402; x_wconf 90' lang='lat' dir='ltr'>suam</span> <span class='ocrx_word' id='word_1_98' title='bbox 685 1351 878 1413; x_wconf 89' lang='lat' dir='ltr'>aspirat</span> <span class='ocrx_word' id='word_1_99' title='bbox 914 1348 1144 1405; x_wconf 91' lang='lat' dir='ltr'>cunctis;</span> <span class='ocrx_word' id='word_1_100' title='bbox 1184 1348 1251 1396; x_wconf 90' lang='lat' dir='ltr'>ita</span> <span class='ocrx_word' id='word_1_101' title='bbox 1288 1360 1506 1409; x_wconf 89' lang='lat' dir='ltr'>prorsus</span> <span class='ocrx_word' id='word_1_102' title='bbox 1543 1344 1608 1394; x_wconf 94' lang='lat' dir='ltr'>ab</span> <span class='ocrx_word' id='word_1_103' title='bbox 1648 1359 1755 1393; x_wconf 93' lang='lat' dir='ltr'>uno</span> 
     </span>
    </p>

    <p class='ocr_par' dir='ltr' id='par_1_16' title="bbox 237 1426 1571 1497">
     <span class='ocr_line' id='line_1_16' title="bbox 237 1426 1571 1497; baseline -0.008 -13"><span class='ocrx_word' id='word_1_104' title='bbox 237 1436 465 1497; x_wconf 90' lang='lat' dir='ltr'>Impetus</span> <span class='ocrx_word' id='word_1_105' title='bbox 503 1432 584 1482; x_wconf 92' lang='lat' dir='ltr'>ille</span> <span class='ocrx_word' id='word_1_106' title='bbox 620 1446 765 1481; x_wconf 88' lang='lat' dir='ltr'>sacer</span> <span class='ocrx_word' id='word_1_107' title='bbox 800 1432 977 1479; x_wconf 92' lang='lat' dir='ltr'>vatum</span> <span class='ocrx_word' id='word_1_108' title='bbox 1016 1426 1280 1491; x_wconf 89' lang='lat' dir='ltr'>dependet</span> <span class='ocrx_word' id='word_1_109' title='bbox 1319 1427 1571 1475; x_wconf 82' lang='lat' dir='ltr'>Homero,</span> 
     </span>
    </p>

    <p class='ocr_par' dir='ltr' id='par_1_17' title="bbox 237 1507 1648 1579">
     <span class='ocr_line' id='line_1_17' title="bbox 237 1507 1648 1579; baseline -0.007 -13"><span class='ocrx_word' id='word_1_110' title='bbox 237 1518 320 1567; x_wconf 92' lang='grc'><strong>1116</strong></span> <span class='ocrx_word' id='word_1_111' title='bbox 349 1516 491 1579; x_wconf 89' lang='lat' dir='ltr'>Jovis</span> <span class='ocrx_word' id='word_1_112' title='bbox 528 1528 725 1564; x_wconf 87' lang='lat' dir='ltr'>mensae</span> <span class='ocrx_word' id='word_1_113' title='bbox 763 1511 1097 1570; x_wconf 82' lang='lat' dir='ltr'>accumbenS‚</span> <span class='ocrx_word' id='word_1_114' title='bbox 1138 1509 1226 1559; x_wconf 89' lang='lat' dir='ltr'>dat</span> <span class='ocrx_word' id='word_1_115' title='bbox 1263 1508 1455 1572; x_wconf 90' lang='lat' dir='ltr'>pocula</span> <span class='ocrx_word' id='word_1_116' title='bbox 1493 1507 1648 1557; x_wconf 90' lang='lat' dir='ltr'>nobis</span> 
     </span>
    </p>

    <p class='ocr_par' dir='ltr' id='par_1_18' title="bbox 235 1589 1495 1659">
     <span class='ocr_line' id='line_1_18' title="bbox 235 1589 1495 1659; baseline -0.007 -13"><span class='ocrx_word' id='word_1_117' title='bbox 235 1598 383 1646; x_wconf 89' lang='lat' dir='ltr'>Iliaca</span> <span class='ocrx_word' id='word_1_118' title='bbox 420 1597 658 1659; x_wconf 84' lang='lat' dir='ltr'>porrecta</span> <span class='ocrx_word' id='word_1_119' title='bbox 695 1608 871 1652; x_wconf 90' lang='lat' dir='ltr'>manu,</span> <span class='ocrx_word' id='word_1_120' title='bbox 908 1606 1030 1655; x_wconf 86' lang='lat' dir='ltr'>quae</span> <span class='ocrx_word' id='word_1_121' title='bbox 1065 1591 1207 1640; x_wconf 90' lang='lat' dir='ltr'>triste</span> <span class='ocrx_word' id='word_1_122' title='bbox 1243 1589 1495 1652; x_wconf 88' lang='lat' dir='ltr'>repellant</span> 
     </span>
    </p>

    <p class='ocr_par' dir='ltr' id='par_1_19' title="bbox 234 1672 1825 1737">
     <span class='ocr_line' id='line_1_19' title="bbox 234 1672 1825 1737; baseline -0.008 -8"><span class='ocrx_word' id='word_1_123' title='bbox 234 1680 510 1729; x_wconf 75' lang='lat' dir='ltr'>Annorum</span> <span class='ocrx_word' id='word_1_124' title='bbox 548 1677 751 1726; x_wconf 89' lang='lat' dir='ltr'>senium</span> <span class='ocrx_word' id='word_1_125' title='bbox 786 1675 1051 1737; x_wconf 90' lang='lat' dir='ltr'>vitamque</span> <span class='ocrx_word' id='word_1_126' title='bbox 1089 1674 1139 1721; x_wconf 90' lang='lat' dir='ltr'>in</span> <span class='ocrx_word' id='word_1_127' title='bbox 1178 1672 1330 1722; x_wconf 86' lang='lat' dir='ltr'>saecla</span> <span class='ocrx_word' id='word_1_128' title='bbox 1366 1672 1679 1734; x_wconf 90' lang='lat' dir='ltr'>propagent.</span> <span class='ocrx_word' id='word_1_129' title='bbox 1782 1680 1825 1711; x_wconf 86' lang='lat'>20</span> 
     </span>
    </p>

    <p class='ocr_par' dir='ltr' id='par_1_20' title="bbox 236 1751 1555 1815">
     <span class='ocr_line' id='line_1_20' title="bbox 236 1751 1555 1815; baseline -0.008 -5"><span class='ocrx_word' id='word_1_130' title='bbox 236 1761 321 1810; x_wconf 92' lang='lat' dir='ltr'>llle</span> <span class='ocrx_word' id='word_1_131' title='bbox 357 1759 515 1808; x_wconf 74' lang='lat' dir='ltr'>deum</span> <span class='ocrx_word' id='word_1_132' title='bbox 551 1758 743 1815; x_wconf 89' lang='lat' dir='ltr'>vultus,</span> <span class='ocrx_word' id='word_1_133' title='bbox 782 1756 863 1805; x_wconf 92' lang='lat' dir='ltr'>ille</span> <span class='ocrx_word' id='word_1_134' title='bbox 902 1754 1065 1804; x_wconf 91' lang='lat' dir='ltr'>ardua</span> <span class='ocrx_word' id='word_1_135' title='bbox 1102 1754 1302 1803; x_wconf 90' lang='lat' dir='ltr'>semina</span> <span class='ocrx_word' id='word_1_136' title='bbox 1338 1751 1555 1801; x_wconf 90' lang='lat' dir='ltr'>laudum</span> 
     </span>
    </p>

    <p class='ocr_par' dir='ltr' id='par_1_21' title="bbox 234 1834 1496 1903">
     <span class='ocr_line' id='line_1_21' title="bbox 234 1834 1496 1903; baseline -0.008 -11"><span class='ocrx_word' id='word_1_137' title='bbox 234 1842 481 1892; x_wconf 89' lang='lat' dir='ltr'>Ostentat</span> <span class='ocrx_word' id='word_1_138' title='bbox 517 1838 746 1903; x_wconf 85' lang='lat' dir='ltr'>populis,</span> <span class='ocrx_word' id='word_1_139' title='bbox 785 1852 844 1886; x_wconf 92' lang='lat' dir='ltr'>ac</span> <span class='ocrx_word' id='word_1_140' title='bbox 881 1837 1070 1885; x_wconf 89' lang='lat' dir='ltr'>mentis</span> <span class='ocrx_word' id='word_1_141' title='bbox 1109 1837 1339 1898; x_wconf 85' lang='lat' dir='ltr'>praepete</span> <span class='ocrx_word' id='word_1_142' title='bbox 1377 1834 1496 1883; x_wconf 92' lang='lat' dir='ltr'>nisu</span> 
     </span>
    </p>

    <p class='ocr_par' dir='ltr' id='par_1_22' title="bbox 237 1915 1760 1978">
     <span class='ocr_line' id='line_1_22' title="bbox 237 1915 1760 1978; baseline -0.008 -5"><span class='ocrx_word' id='word_1_143' title='bbox 237 1922 514 1973; x_wconf 81' lang='lat' dir='ltr'>Pervolitat</span> <span class='ocrx_word' id='word_1_144' title='bbox 550 1921 711 1970; x_wconf 89' lang='lat' dir='ltr'>chaos</span> <span class='ocrx_word' id='word_1_145' title='bbox 748 1919 1062 1968; x_wconf 87' lang='lat' dir='ltr'>immensum</span> <span class='ocrx_word' id='word_1_146' title='bbox 1101 1916 1294 1966; x_wconf 84' lang='lat' dir='ltr'>coelum</span> <span class='ocrx_word' id='word_1_147' title='bbox 1332 1929 1547 1978; x_wconf 86' lang='lat' dir='ltr'>aequora</span> <span class='ocrx_word' id='word_1_148' title='bbox 1584 1915 1760 1970; x_wconf 89' lang='lat' dir='ltr'>terras,</span> 
     </span>
    </p>

    <p class='ocr_par' dir='ltr' id='par_1_23' title="bbox 238 1993 1763 2067">
     <span class='ocr_line' id='line_1_23' title="bbox 238 1993 1763 2067; baseline -0.008 -13"><span class='ocrx_word' id='word_1_149' title='bbox 238 2005 464 2067; x_wconf 89' lang='lat' dir='ltr'>Vimque</span> <span class='ocrx_word' id='word_1_150' title='bbox 503 2016 716 2051; x_wconf 91' lang='lat' dir='ltr'>omnem</span> <span class='ocrx_word' id='word_1_151' title='bbox 754 2000 991 2050; x_wconf 88' lang='lat' dir='ltr'>exsinuat</span> <span class='ocrx_word' id='word_1_152' title='bbox 1028 2013 1218 2056; x_wconf 89' lang='lat' dir='ltr'>rerum,</span> <span class='ocrx_word' id='word_1_153' title='bbox 1244 2010 1507 2059; x_wconf 89' lang='lat' dir='ltr'>vocesque</span> <span class='ocrx_word' id='word_1_154' title='bbox 1534 1993 1763 2043; x_wconf 84' lang='lat' dir='ltr'>refundit</span> 
     </span>
    </p>

    <p class='ocr_par' dir='ltr' id='par_1_24' title="bbox 241 2075 1826 2221">
     <span class='ocr_line' id='line_1_24' title="bbox 241 2075 1739 2146; baseline -0.008 -11"><span class='ocrx_word' id='word_1_155' title='bbox 241 2085 390 2144; x_wconf 82' lang='lat' dir='ltr'>Quas</span> <span class='ocrx_word' id='word_1_156' title='bbox 426 2085 534 2133; x_wconf 79' lang='lat' dir='ltr'>fera</span> <span class='ocrx_word' id='word_1_157' title='bbox 570 2097 701 2146; x_wconf 89' lang='lat' dir='ltr'>quas</span> <span class='ocrx_word' id='word_1_158' title='bbox 737 2081 964 2130; x_wconf 89' lang='lat' dir='ltr'>volucris</span> <span class='ocrx_word' id='word_1_159' title='bbox 1001 2094 1132 2143; x_wconf 88' lang='lat' dir='ltr'>quas</span> <span class='ocrx_word' id='word_1_160' title='bbox 1166 2078 1304 2128; x_wconf 89' lang='lat' dir='ltr'>venti</span> <span class='ocrx_word' id='word_1_161' title='bbox 1342 2080 1498 2140; x_wconf 91' lang='lat' dir='ltr'>atque</span> <span class='ocrx_word' id='word_1_162' title='bbox 1535 2075 1739 2125; x_wconf 85' lang='lat' dir='ltr'>aetheris</span> 
     </span>
     <span class='ocr_line' id='line_1_25' title="bbox 1561 2158 1826 2221; baseline -0.004 -15"><span class='ocrx_word' id='word_1_163' title='bbox 1561 2158 1726 2221; x_wconf 87' lang='lat' dir='ltr'>[ignes</span> <span class='ocrx_word' id='word_1_164' title='bbox 1784 2168 1826 2199; x_wconf 83' lang='lat'>25</span> 
     </span>
    </p>
   </div>
   <div class='ocr_carea' id='block_1_3' title="bbox 997 2320 1219 2326">
    <p class='ocr_par' dir='ltr' id='par_1_25' title="bbox 997 2320 1219 2326">
     <span class='ocr_line' id='line_1_26' title="bbox 997 2320 1219 2326; baseline 0 0"><span class='ocrx_word' id='word_1_165' title='bbox 997 2320 1219 2326; x_wconf 95' lang='lat' dir='ltr'> </span> 
     </span>
    </p>
   </div>
   <div class='ocr_carea' id='block_1_4' title="bbox 242 2414 1830 2857">
    <p class='ocr_par' dir='ltr' id='par_1_26' title="bbox 352 2414 1603 2467">
     <span class='ocr_line' id='line_1_27' title="bbox 352 2414 1603 2467; baseline -0.007 -7"><span class='ocrx_word' id='word_1_166' title='bbox 352 2423 398 2460; x_wconf 93' lang='lat' dir='ltr'>V.</span> <span class='ocrx_word' id='word_1_167' title='bbox 431 2423 491 2460; x_wconf 88' lang='grc'>12.</span> <span class='ocrx_word' id='word_1_168' title='bbox 523 2414 778 2459; x_wconf 73' lang='grc' dir='ltr'><em>Μαὲοηὶάαε</em></span> <span class='ocrx_word' id='word_1_169' title='bbox 803 2417 967 2467; x_wconf 83' lang='lat' dir='ltr'>magni.</span> <span class='ocrx_word' id='word_1_170' title='bbox 998 2415 1176 2463; x_wconf 86' lang='lat' dir='ltr'>Omero,</span> <span class='ocrx_word' id='word_1_171' title='bbox 1206 2414 1331 2464; x_wconf 78' lang='lat' dir='ltr'>figlio</span> <span class='ocrx_word' id='word_1_172' title='bbox 1361 2414 1404 2453; x_wconf 94' lang='lat' dir='ltr'>di</span> <span class='ocrx_word' id='word_1_173' title='bbox 1432 2414 1603 2453; x_wconf 88' lang='lat' dir='ltr'>Meone.</span> 
     </span>
    </p>

    <p class='ocr_par' dir='ltr' id='par_1_27' title="bbox 242 2478 1830 2794">
     <span class='ocr_line' id='line_1_28' title="bbox 355 2478 1830 2537; baseline -0.007 -10"><span class='ocrx_word' id='word_1_174' title='bbox 355 2489 400 2527; x_wconf 93' lang='lat' dir='ltr'>V.</span> <span class='ocrx_word' id='word_1_175' title='bbox 433 2490 492 2535; x_wconf 84' lang='lat'>14,</span> <span class='ocrx_word' id='word_1_176' title='bbox 521 2498 646 2537; x_wconf 85' lang='lat' dir='ltr'>sgg.:</span> <span class='ocrx_word' id='word_1_177' title='bbox 676 2486 902 2534; x_wconf 83' lang='lat' dir='ltr'>Paragona</span> <span class='ocrx_word' id='word_1_178' title='bbox 928 2483 969 2522; x_wconf 92' lang='lat' dir='ltr'>la</span> <span class='ocrx_word' id='word_1_179' title='bbox 996 2483 1106 2522; x_wconf 79' lang='lat' dir='ltr'>virtu</span> <span class='ocrx_word' id='word_1_180' title='bbox 1137 2481 1247 2521; x_wconf 91' lang='lat' dir='ltr'>della</span> <span class='ocrx_word' id='word_1_181' title='bbox 1276 2481 1422 2530; x_wconf 88' lang='lat' dir='ltr'>poesia</span> <span class='ocrx_word' id='word_1_182' title='bbox 1449 2480 1562 2529; x_wconf 90' lang='lat' dir='ltr'>sugli</span> <span class='ocrx_word' id='word_1_183' title='bbox 1601 2479 1729 2518; x_wconf 90' lang='lat' dir='ltr'>animi</span> <span class='ocrx_word' id='word_1_184' title='bbox 1763 2478 1830 2517; x_wconf 91' lang='lat' dir='ltr'>dei</span> 
     </span>
     <span class='ocr_line' id='line_1_29' title="bbox 242 2545 1830 2601; baseline -0.008 -8"><span class='ocrx_word' id='word_1_185' title='bbox 242 2554 381 2593; x_wconf 79' lang='lat' dir='ltr'>lettori</span> <span class='ocrx_word' id='word_1_186' title='bbox 410 2552 491 2591; x_wconf 90' lang='lat' dir='ltr'>alla</span> <span class='ocrx_word' id='word_1_187' title='bbox 521 2554 702 2601; x_wconf 89' lang='lat' dir='ltr'>potenza</span> <span class='ocrx_word' id='word_1_188' title='bbox 731 2550 850 2589; x_wconf 86' lang='lat' dir='ltr'>della</span> <span class='ocrx_word' id='word_1_189' title='bbox 868 2548 1061 2588; x_wconf 86' lang='lat' dir='ltr'>calamita</span> <span class='ocrx_word' id='word_1_190' title='bbox 1089 2547 1154 2587; x_wconf 90' lang='lat' dir='ltr'>sul</span> <span class='ocrx_word' id='word_1_191' title='bbox 1183 2546 1299 2585; x_wconf 81' lang='lat' dir='ltr'>ferro</span> <span class='ocrx_word' id='word_1_192' title='bbox 1327 2546 1480 2596; x_wconf 89' lang='lat' dir='ltr'>(pietra</span> <span class='ocrx_word' id='word_1_193' title='bbox 1507 2545 1668 2584; x_wconf 80' lang='lat' dir='ltr'>eraclia</span> <span class='ocrx_word' id='word_1_194' title='bbox 1698 2555 1724 2582; x_wconf 94' lang='lat' dir='ltr'>o</span> <span class='ocrx_word' id='word_1_195' title='bbox 1745 2555 1830 2582; x_wconf 86' lang='lat' dir='ltr'>ma-</span> 
     </span>
     <span class='ocr_line' id='line_1_30' title="bbox 242 2610 1828 2671; baseline -0.008 -12"><span class='ocrx_word' id='word_1_196' title='bbox 242 2621 395 2671; x_wconf 80' lang='lat' dir='ltr'>gnete‚·</span> <span class='ocrx_word' id='word_1_197' title='bbox 425 2620 479 2657; x_wconf 92' lang='lat' dir='ltr'>da</span> <span class='ocrx_word' id='word_1_198' title='bbox 508 2617 678 2656; x_wconf 82' lang='lat' dir='ltr'>Eraclea</span> <span class='ocrx_word' id='word_1_199' title='bbox 706 2628 727 2655; x_wconf 90' lang='lat' dir='ltr'>e</span> <span class='ocrx_word' id='word_1_200' title='bbox 757 2615 995 2665; x_wconf 88' lang='lat' dir='ltr'>Magnesia,</span> <span class='ocrx_word' id='word_1_201' title='bbox 1027 2614 1125 2653; x_wconf 78' lang='lat' dir='ltr'>citta</span> <span class='ocrx_word' id='word_1_202' title='bbox 1154 2613 1265 2652; x_wconf 90' lang='lat' dir='ltr'>della</span> <span class='ocrx_word' id='word_1_203' title='bbox 1282 2612 1412 2657; x_wconf 88' lang='lat' dir='ltr'>Lidia,</span> <span class='ocrx_word' id='word_1_204' title='bbox 1436 2612 1545 2650; x_wconf 91' lang='lat' dir='ltr'>dove</span> <span class='ocrx_word' id='word_1_205' title='bbox 1565 2610 1611 2649; x_wconf 88' lang='lat' dir='ltr'>fu</span> <span class='ocrx_word' id='word_1_206' title='bbox 1633 2610 1828 2658; x_wconf 84' lang='lat' dir='ltr'>trovata).</span> 
     </span>
     <span class='ocr_line' id='line_1_31' title="bbox 244 2675 1830 2735; baseline -0.007 -11"><span class='ocrx_word' id='word_1_207' title='bbox 244 2686 278 2725; x_wconf 85' lang='grc' dir='ltr'>Α</span> <span class='ocrx_word' id='word_1_208' title='bbox 307 2687 456 2735; x_wconf 90' lang='lat' dir='ltr'>questa</span> <span class='ocrx_word' id='word_1_209' title='bbox 486 2684 711 2722; x_wconf 79' lang='lat' dir='ltr'>indazione</span> <span class='ocrx_word' id='word_1_210' title='bbox 747 2681 998 2732; x_wconf 80' lang='lat' dir='ltr'>magnetica,</span> <span class='ocrx_word' id='word_1_211' title='bbox 1029 2679 1251 2729; x_wconf 89' lang='lat' dir='ltr'>com’oggi</span> <span class='ocrx_word' id='word_1_212' title='bbox 1290 2679 1324 2718; x_wconf 87' lang='lat' dir='ltr'>si</span> <span class='ocrx_word' id='word_1_213' title='bbox 1363 2678 1541 2723; x_wconf 90' lang='lat' dir='ltr'>chiama,</span> <span class='ocrx_word' id='word_1_214' title='bbox 1581 2687 1765 2715; x_wconf 89' lang='lat' dir='ltr'>accenna</span> <span class='ocrx_word' id='word_1_215' title='bbox 1802 2675 1830 2713; x_wconf 91' lang='lat' dir='ltr'>il</span> 
     </span>
     <span class='ocr_line' id='line_1_32' title="bbox 248 2743 1485 2794; baseline -0.007 -4"><span class='ocrx_word' id='word_1_216' title='bbox 248 2751 464 2791; x_wconf 80' lang='lat' dir='ltr'>Poliziano</span> <span class='ocrx_word' id='word_1_217' title='bbox 494 2750 626 2788; x_wconf 88' lang='lat' dir='ltr'>anche</span> <span class='ocrx_word' id='word_1_218' title='bbox 656 2749 766 2787; x_wconf 90' lang='lat' dir='ltr'>nella</span> <span class='ocrx_word' id='word_1_219' title='bbox 793 2748 908 2786; x_wconf 85' lang='lat' dir='ltr'>selva</span> <span class='ocrx_word' id='word_1_220' title='bbox 937 2746 1138 2786; x_wconf 77' lang='lat' dir='ltr'>Nutricia</span> <span class='ocrx_word' id='word_1_221' title='bbox 1167 2746 1251 2794; x_wconf 88' lang='lat' dir='ltr'>(vv.</span> <span class='ocrx_word' id='word_1_222' title='bbox 1286 2743 1485 2793; x_wconf 86' lang='lat'>193-196).</span> 
     </span>
    </p>

    <p class='ocr_par' dir='ltr' id='par_1_28' title="bbox 357 2807 1829 2857">
     <span class='ocr_line' id='line_1_33' title="bbox 357 2807 1829 2857; baseline -0.007 -3"><span class='ocrx_word' id='word_1_223' title='bbox 357 2817 399 2855; x_wconf 88' lang='lat' dir='ltr'>V.</span> <span class='ocrx_word' id='word_1_224' title='bbox 432 2817 490 2854; x_wconf 86' lang='lat'>19.</span> <span class='ocrx_word' id='word_1_225' title='bbox 522 2815 650 2853; x_wconf 77' lang='lat' dir='ltr'>Iliaca</span> <span class='ocrx_word' id='word_1_226' title='bbox 688 2825 846 2853; x_wconf 81' lang='lat' dir='ltr'>mann:</span> <span class='ocrx_word' id='word_1_227' title='bbox 883 2814 923 2851; x_wconf 82' lang='lat' dir='ltr'>di</span> <span class='ocrx_word' id='word_1_228' title='bbox 966 2811 1217 2855; x_wconf 83' lang='lat' dir='ltr'>Ganimede,</span> <span class='ocrx_word' id='word_1_229' title='bbox 1257 2810 1439 2852; x_wconf 85' lang='lat' dir='ltr'>troiano,</span> <span class='ocrx_word' id='word_1_230' title='bbox 1479 2808 1678 2857; x_wconf 87' lang='lat' dir='ltr'>coppiere</span> <span class='ocrx_word' id='word_1_231' title='bbox 1716 2807 1829 2855; x_wconf 87' lang='lat' dir='ltr'>degli</span> 
     </span>
    </p>
   </div>
   <div class='ocr_carea' id='block_1_5' title="bbox 252 2881 346 2920">
    <p class='ocr_par' dir='ltr' id='par_1_29' title="bbox 252 2881 346 2920">
     <span class='ocr_line' id='line_1_34' title="bbox 252 2881 346 2920; baseline -0.011 0"><span class='ocrx_word' id='word_1_232' title='bbox 252 2881 329 2920; x_wconf 71' lang='lat' dir='ltr'>Dei</span> <span class='ocrx_word' id='word_1_233' title='bbox 338 2911 346 2920; x_wconf 88' lang='lat'><strong>.</strong></span> 
     </span>
    </p>
   </div>
   <div class='ocr_carea' id='block_1_6' title="bbox 1994 1497 2002 1786">
    <p class='ocr_par' dir='ltr' id='par_1_30' title="bbox 1994 1497 2002 1786">
     <span class='ocr_line' id='line_1_35' title="bbox 1994 1497 2002 1786; textangle 90"><span class='ocrx_word' id='word_1_234' title='bbox 2000 1773 2002 1786; x_wconf 70' lang='grc'><strong>-</strong></span> <span class='ocrx_word' id='word_1_235' title='bbox 2000 1731 2002 1737; x_wconf 91' lang='grc'>.</span> <span class='ocrx_word' id='word_1_236' title='bbox 1998 1690 2002 1713; x_wconf 80' lang='lat'>...</span> <span class='ocrx_word' id='word_1_237' title='bbox 1996 1613 2002 1678; x_wconf 49' lang='grc' dir='ltr'>Αμ</span> <span class='ocrx_word' id='word_1_238' title='bbox 1994 1497 2002 1602; x_wconf 37' lang='lat' dir='ltr'>‚Aa-‘ff</span> 
     </span>
    </p>
   </div>
  </div>
 </body>
</html>
