2002 3161
259 194 349 241 174
686 192 835 241 Paeti
869 194 1120 244 amanisti
1154 196 1414 260 maggiori

250 319 639 383 Calcanturque
677 320 801 368 olim
841 321 1000 370 sacris
1037 325 1253 371 onerata
1289 323 1555 386 trophaeis
1806 336 1842 368 1⁵

320 402 544 451 Limina:
583 401 860 451 distractos
896 405 945 451 et
982 403 1109 466 tegit
1148 403 1312 453 herba
1350 404 1511 454 Deos.

253 483 355 531 Tot
392 482 598 541 decora,
635 483 1002 546 artificumque
1029 499 1231 544 manuS‚
1259 488 1336 534 tot
1363 488 1488 535 nota
1523 486 1777 549 sepulcra,

320 564 528 626 Totque
565 564 682 625 pios
720 564 918 613 cineres
956 579 1060 613 una
1096 566 1246 614 ruina
1282 567 1487 628 premit.

254 646 312 694 Et
348 645 453 708 jam
492 646 624 693 intra
660 644 905 707 solasque
943 644 1150 705 domos,
1189 646 1513 711 disjectaque
1550 648 1743 710 passim

319 726 564 775 Culmina
600 726 855 789 setigeros
892 725 1097 775 advena
1133 726 1248 791 figit
1273 743 1447 790 apros.
1805 742 1845 773 20

251 808 362 856 Nec
399 810 572 856 tamen
610 807 712 856 hoc
749 806 928 871 Graiis
965 808 1153 857 cecinit
1190 808 1336 859 Deus
1374 810 1485 872 ipse
1521 810 1737 860 carinis:

319 889 530 938 Praevia
567 903 663 938 nec
700 888 805 938 lato
843 890 1003 939 missa
1039 888 1310 940 Columba
1347 892 1492 941 mari.

253 971 312 1019 Et
349 971 632 1034 querimur,
670 971 775 1020 cito
811 971 853 1020 si
893 974 1104 1021 nostrae
1142 971 1263 1022 data
1299 975 1539 1036 tempora
1574 974 1708 1024 vitae

320 1052 665 1116 Diffugiunt?
700 1052 859 1103 urbes
896 1067 1039 1103 mors
1074 1054 1303 1104 violenta
1338 1056 1489 1118 rapit.

253 1133 424 1197 Atque
461 1134 661 1183 utinam
699 1149 815 1184 mea
853 1150 936 1184 me
973 1134 1155 1185 fallant
1191 1136 1403 1186 oracula
1438 1139 1645 1187 vatem:
1804 1148 1846 1183 25

315 1215 496 1265 Vanus
533 1218 583 1264 et
619 1231 649 1265 a
684 1216 846 1280 longa
882 1218 1186 1279 posteritate
1224 1218 1375 1268 ferar.

253 1296 364 1345 Nec
401 1298 455 1345 tu
483 1311 691 1360 semper
715 1298 829 1357 eriS,
858 1312 992 1361 quae
1018 1300 1219 1361 septem
1256 1299 1584 1362 amplecteris
1609 1314 1779 1350 arces:

320 1377 432 1427 Nec
467 1380 540 1437 tu,
577 1393 712 1442 quae
750 1378 935 1429 mediis
972 1379 1178 1430 aemula
1214 1381 1387 1445 surgis
1424 1381 1592 1444 aquis.

256 1459 315 1509 Et
352 1462 401 1510 te
438 1460 577 1524 (quis
613 1462 760 1523 putet
796 1460 899 1510 hoc
917 1460 961 1524 Ρ)
1000 1461 1147 1510 altrix
1189 1475 1320 1520 mea,
1359 1460 1524 1511 durus
1559 1465 1732 1512 arator

319 1542 521 1600 Vertet;
559 1544 623 1601 et,
652 1542 808 1602 Urbs,
836 1542 988 1602 dicet,
1015 1543 1144 1592 haec
1169 1558 1386 1607 quoque
1412 1543 1548 1593 clara
1573 1543 1685 1593 fuit.
1804 1556 1849 1589 30

256 1623 379 1673 Fata
414 1624 932 1689 trahuntgghomines:
970 1625 1094 1674 satis
1131 1624 1459 1689 urgentibus,
1497 1625 1669 1685 urbeS‚

322 1707 381 1755 Et
418 1705 797 1770 quodcumque
831 1706 993 1766 vides,
1030 1707 1230 1757 auferet
1267 1707 1379 1770 ipsa
1416 1706 1541 1757 dies,

560 1964 744 2014 DEOS
800 1964 1163 2017 NEMORUM
1220 1964 1534 2015 INVOCAT

624 2067 692 2116 IN
732 2067 1195 2121 EXSTRUENDA
1231 2067 1495 2118 DOMO.*

843 2164 941 2206 (Lib.
969 2164 1033 2206 111,
1059 2164 1157 2207 eleg.
1186 2164 1268 2207 111.)

260 2254 342 2303 Dii
382 2269 676 2314 nemorum,
713 2254 932 2304 salvete:
959 2269 1061 2318 ego
1097 2269 1192 2304 vos
1218 2253 1283 2304 de
1309 2269 1438 2318 rupe
1464 2257 1781 2320 propinqua,

326 2335 404 2383 De
440 2335 660 2385 summis
697 2335 892 2397 patriae
929 2334 1209 2384 moenibus
1246 2334 1513 2398 adspicio:

368 2475 413 2513 V.
443 2476 506 2513 21.
537 2474 625 2514 Nec
651 2476 803 2523 tamen,
835 2477 914 2514 etc.
938 2475 1246 2518 Rammentano
1264 2474 1303 2514 le
1325 2475 1550 2515 tradizioni
1571 2475 1848 2526 mitologiche

260 2540 366 2579 delle
404 2541 682 2580 remotissime
723 2540 882 2590 origini
919 2540 962 2579 di
992 2540 1130 2580 Cuma
1158 2540 1234 2580 che
1271 2540 1309 2580 le
1339 2542 1436 2581 navi
1465 2542 1533 2581 clei
1561 2541 1703 2582 coloni
1732 2541 1846 2591 greci

259 2619 388 2646 erano
410 2608 584 2658 guidate
604 2608 659 2647 da
679 2619 766 2647 una
794 2607 1007 2654 colomba,
1039 2618 1065 2646 o
1087 2608 1385 2656 procedevano
1405 2608 1446 2647 al
1473 2619 1613 2648 suono
1641 2610 1847 2647 notturno

261 2675 303 2713 di
324 2674 500 2713 cembali
522 2675 565 2714 di
594 2674 775 2714 bronzo.
805 2674 842 2713 A
871 2677 1024 2724 questo
1044 2685 1067 2713 e
1095 2674 1342 2715 all’oracolo
1371 2675 1438 2714 del
1461 2686 1588 2714 nume
1607 2675 1739 2724 (Deus
1758 2675 1849 2725 ipse

259 2742 417 2789 cecinit,
448 2743 561 2792 etc.,)
589 2742 730 2781 allude
758 2742 833 2792 qui
861 2741 889 2780 il
917 2741 1161 2782 Sannazaro
1180 2742 1247 2793 (V.
1270 2754 1371 2793 pag.
1393 2743 1457 2790 79,
1489 2744 1590 2781 nota
1608 2741 1646 2781 al
1666 2753 1706 2781 v.
1740 2742 1843 2793 178).

370 2808 438 2846 Vv.
472 2809 615 2847 27-30.
649 2809 798 2854 Roma,
828 2807 1011 2847 Venezia
1038 2819 1061 2848 e
1090 2808 1262 2858 Napoli.

364 2873 380 2891 *
410 2874 464 2912 La
492 2874 600 2912 Villa
619 2874 661 2912 di
680 2874 934 2924 Mergellina
963 2873 1054 2919 che,
1086 2874 1262 2914 insieme
1289 2873 1355 2914 col
1386 2873 1706 2924 possedimento
1728 2884 1846 2916 omo-

268 2939 400 2987 nimo,
430 2937 476 2978 fu
505 2940 622 2979 dono
651 2939 857 2980 munifico
886 2940 929 2979 di
959 2951 1003 2980 re
1031 2940 1249 2981 Federico.
