2002 3161
296 144 394 193 312
729 143 879 191 Poeta·
913 143 1162 192 amanisti
1196 142 1456 206 maggiori

297 267 542 317 Maenalio
579 270 754 330 stupet
790 268 840 316 in
879 267 1011 317 saltu
1051 267 1178 317 dum
1217 268 1505 316 increscere
1542 281 1781 324 cornum,

298 349 421 398 Non
459 350 619 399 sensit
655 364 853 412 quercu
891 364 1004 399 sese
1040 349 1286 398 frondere
1326 351 1553 412 Lycaeus.

300 429 554 495 Gargano
592 432 642 479 in
681 446 892 494 magno,
931 431 981 479 in
1019 430 1299 479 nimbifero
1337 430 1617 492 Apennino
1826 441 1889 473 120

298 509 440 559 Dum
476 514 718 560 crescunt
755 511 875 559 tiliae
911 513 1069 573 atque
1106 511 1239 568 orni,
1277 510 1405 559 dum
1441 510 1630 560 vertice
1668 508 1817 557 Pindi

299 591 476 656 Surgit
511 606 643 650 acer,
681 592 810 654 pinu
848 592 1043 640 interea
1078 607 1133 640 se
1169 592 1386 641 sullevat
1423 592 1523 641 alta

298 672 476 722 Pelion
514 676 564 721 et
600 674 699 721 late
737 674 928 736 pelago
966 687 1061 721 sua
1097 673 1249 736 signa
1288 674 1530 722 minatur.

297 754 400 802 lam
436 752 614 802 videas
650 756 924 802 canentem
963 753 1091 802 oleis
1128 753 1376 802 frondere
1414 753 1738 813 Taburnum,

296 834 506 883 Asinios
542 835 695 883 simul
733 837 783 883 et
819 835 980 883 colles
1017 835 1374 897 clitunniaque
1412 849 1548 894 arva,
1824 846 1886 878 125

296 916 508 978 lamque
544 915 772 965 cibelaeis
809 915 1009 964 undare
1048 918 1098 964 et
1134 915 1385 964 Dindima
1421 916 1576 966 silvis.

297 997 581 1060 Pampinea
615 1000 774 1060 caput
810 997 1017 1047 AEnarie
1052 997 1352 1061 biiugisque
1388 998 1621 1048 Vesevus

296 1079 504 1129 Fronde
541 1082 741 1143 tegunt,
778 1080 906 1142 tegit
942 1083 991 1128 et
1029 1080 1177 1142 picea
1213 1094 1268 1129 se
1306 1080 1408 1130 Sila
1444 1080 1544 1130 sub
1583 1081 1784 1130 umbra.

294 1161 369 1210 Ac
405 1161 549 1211 buxo
585 1162 759 1211 varius
796 1162 955 1210 nectit
991 1161 1089 1210 sibi
1127 1161 1257 1210 ferta
1294 1161 1539 1225 Cytorus.

362 1242 682 1292 Proveniunt
719 1243 818 1292 late
855 1243 1055 1305 campis
1092 1243 1324 1292 coelestia
1362 1243 1519 1293 dona.
1823 1257 1888 1290 130

296 1324 524 1373 Plurima
562 1339 668 1373 nux
705 1327 754 1373 et
791 1338 962 1386 pruna
998 1324 1241 1373 rubentia
1277 1327 1327 1373 et
1363 1339 1519 1374 aurea
1556 1327 1712 1375 ramis

294 1406 432 1455 Mala
467 1408 517 1454 et
554 1405 788 1455 odoratis
825 1419 933 1454 non
973 1404 1189 1454 indecor
1226 1406 1445 1456 arbutus
1481 1407 1660 1457 hortis.

296 1487 525 1551 Ingentis
561 1487 754 1549 patulae
791 1500 983 1545 ram08‚
1021 1487 1254 1550 ingentia
1289 1501 1497 1537 sursum

296 1568 512 1617 Brachia
548 1567 817 1631 porrigere
855 1582 914 1616 ac
951 1566 1126 1616 radice
1164 1568 1215 1617 in
1253 1571 1441 1617 tartara
1476 1569 1595 1618 ferri

294 1651 354 1698 Et
390 1650 569 1708 cerasi,
607 1649 919 1711 palmaeque,
958 1652 1007 1698 et
1044 1649 1183 1698 lotos
1220 1651 1387 1699 amica
1425 1652 1595 1714 Lyaeo,
1823 1664 1886 1696 135

292 1730 464 1793 Atque
502 1730 551 1778 in
590 1731 934 1794 sanguineam
975 1745 1155 1778 morus
1194 1734 1314 1792 post
1350 1746 1498 1780 versa
1534 1731 1759 1795 figuram

294 1811 536 1873 Coepeoe,
573 1814 623 1860 et
660 1812 855 1861 mensis
892 1811 1084 1860 sorbus
1122 1812 1374 1873 placitura
1411 1813 1672 1863 secundis.

293 1892 695 1954 Erumpuntque
732 1891 848 1940 solo
886 1890 1064 1940 biferae
1102 1894 1259 1954 atque
1297 1892 1521 1955 cydonia
1557 1895 1700 1943 canis

293 1972 606 2032 FrondibuS,
645 1975 932 2035 erumpunt
968 1972 1177 2022 sudanti
1219 1973 1452 2024 balsama
1488 1975 1651 2039 lign0‚

294 2054 613 2117 Punicaque,
650 2056 700 2102 et
736 2053 903 2117 fragili
941 2054 1112 2103 nitens
1149 2054 1198 2102 in
1234 2055 1407 2116 stipite
1445 2070 1671 2117 praecOX,
1822 2070 1885 2101 140

402 2209 444 2246 V.
477 2210 567 2247 123.
590 2208 621 2247 Il
643 2209 775 2254 Pelio,
799 2220 822 2247 a
843 2209 1006 2247 sud-est
1027 2209 1258 2255 dell’Ossa,
1280 2210 1302 2248 ὲ
1322 2210 1489 2250 famoso
1510 2223 1587 2261 per
1605 2213 1645 2251 la
1674 2212 1886 2252 bellezzza
1951 2237 1953 2239 ·

292 2274 357 2312 de'
392 2275 486 2313 suoi
506 2274 658 2313 bosch'i
679 2274 721 2313 di
743 2274 833 2323 pini
853 2289 861 2313 z
885 2274 1057 2313 Summa
1078 2276 1216 2315 virent
1239 2277 1347 2325 pinu
1361 2276 1528 2326 (Ovid.,
1549 2279 1685 2323 Ἐπεί,
1703 2280 1751 2317 V.
1775 2281 1881 2329 381).

402 2341 446 2378 V.
478 2342 568 2379 124.
602 2340 632 2379 11
662 2340 867 2380 Taburno
895 2341 934 2379 al
963 2341 1134 2380 confine
1163 2342 1230 2380 del
1260 2342 1420 2382 Sannio
1449 2355 1471 2382 e
1501 2344 1610 2383 delia
1631 2346 1882 2394 Campania,

292 2417 368 2446 ora
408 2408 557 2446 Monte
599 2407 801 2457 Vergine,
839 2407 1034 2447 formava
1063 2408 1091 2446 il
1129 2408 1217 2448 lato
1257 2410 1536 2451 meridionale
1575 2413 1684 2451 delle
1722 2414 1884 2453 Forche

292 2473 501 2512 Caudine.
534 2475 589 2513 Le
618 2474 789 2523 pendici
818 2474 1089 2513 meridionali
1120 2476 1378 2524 producono
1408 2478 1671 2517 abbondanti
1710 2480 1829 2518 ulivi.

400 2540 444 2578 V.
477 2541 568 2579 126.
600 2539 813 2580 Cibelaeis
840 2541 990 2580 silvis.
1013 2570 1020 2578 .
1044 2571 1051 2579 .
1082 2541 1198 2580 Sulla
1227 2543 1335 2582 eima
1363 2544 1430 2583 del
1471 2545 1726 2595 Dindymon,
1766 2558 1885 2586 mon-

290 2608 422 2654 tagna
451 2607 561 2645 nella
589 2607 784 2655 penisola
812 2607 923 2646 della
953 2608 1231 2657 Propontide,
1263 2620 1334 2648 era
1362 2622 1419 2648 un
1456 2612 1617 2660 tempio
1646 2613 1688 2651 di
1718 2613 1881 2660 Cibele‚

292 2670 472 2710 fondato
503 2673 620 2722 dagli
649 2673 904 2723 Argonauti.

405 2738 448 2775 V.
479 2739 570 2777 129.
604 2738 634 2777 11
665 2739 866 2791 Cytorus,
897 2751 972 2778 ora
1010 2739 1183 2787 Kidros‚
1223 2746 1366 2781 monte
1404 2743 1514 2782 della
1553 2744 1819 2794 paflagonia,
1858 2747 1881 2785 ὲ

295 2801 510 2841 ricordato
539 2813 688 2851 spesso
720 2804 835 2854 dagli
867 2805 1023 2843 antichi
1054 2816 1131 2853 per
1159 2805 1170 2842 i
1201 2807 1296 2845 suoi
1327 2808 1487 2856 pascoli
1517 2821 1539 2847 e
1568 2810 1606 2848 le
1627 2822 1702 2849 sue
1721 2811 1879 2851 foreste

292 2867 335 2905 di
364 2867 511 2906 bosso.
