2002 3161
352 179 447 226 242
781 175 932 224 Paeti
966 173 1215 223 amanisti
1247 173 1507 237 maggiori

482 301 675 350 Invises
712 299 958 364 quotiens
994 299 1249 362 templum
1276 301 1326 348 et
1360 298 1693 349 veneraberis
1729 315 1870 350 aram

484 382 544 431 Et
579 381 703 431 faris
740 380 884 430 bona
918 379 1094 429 verba.

352 462 451 524 Qu.
1084 459 1372 509 Monedula
1409 460 1450 508 si
1489 461 1613 510 mihi
1653 460 1819 521 detur,

482 543 654 600 Quive
679 544 854 605 gemat
880 555 1036 590 cavea
1056 544 1241 599 turtur,
1255 542 1334 589 vel
1355 543 1605 604 tympana
1630 543 1851 604 pulsem,
1899 556 1942 588 55

481 624 622 673 Dum
660 624 781 672 facit
817 623 1031 672 antistes
1068 637 1176 671 rem
1215 637 1415 671 sacram
1466 626 1622 687 atque
1660 624 1874 674 incubat

1738 707 1873 771 [arae.

348 786 457 835 Pel.
498 785 593 835 His
620 800 721 848 ego
748 786 1008 835 citriolum
1035 785 1300 835 frondenti
1329 788 1379 835 et
1404 800 1689 850 praecoqua
1726 803 1872 838 ramo

479 866 803 925 Addiderim,
842 868 982 916 nulla
1020 868 1069 915 in
1109 867 1367 930 gremium
1406 868 1447 916 si
1484 868 1608 917 lotia
1646 872 1806 919 noctu

482 947 698 998 Fuderis
735 948 991 1008 Unctiliae,
1031 948 1122 997 tibi
1162 963 1281 1011 quae
1309 948 1453 998 dedit
1490 949 1691 999 hubera
1727 966 1905 1014 parvo,

480 1028 637 1078 Nunc
673 1029 929 1092 grandem
967 1030 1057 1078 loti
1097 1028 1309 1091 pudeat.

352 1111 452 1172 Qu.
1255 1112 1382 1160 Mihi
1421 1111 1619 1171 desine,
1663 1116 1841 1173 mater,
1899 1127 1943 1160 60

482 1191 648 1240 Irasci.
688 1190 861 1253 Sopor
897 1192 1008 1254 ipse
1045 1195 1256 1256 gravat;
1296 1207 1417 1242 nam
1461 1207 1602 1256 saepe
1639 1209 1732 1256 per
1768 1210 1876 1244 um-

1704 1275 1869 1339 [bram

482 1352 684 1402 Ludere
721 1368 841 1402 cum
880 1354 1056 1415 pueris
1092 1353 1291 1413 videor,
1326 1355 1405 1404 vel
1449 1355 1598 1405 litore
1635 1357 1808 1419 primo

478 1434 619 1483 Nare
657 1435 826 1493 simul,
865 1450 1125 1499 nassaque
1162 1436 1300 1485 leves
1338 1436 1603 1487 includere
1630 1438 1815 1501 pisceS‚

481 1515 732 1565 Exclusos
769 1531 893 1565 mox
930 1516 1079 1576 elabi,
1119 1532 1202 1566 me
1239 1517 1455 1567 subdier
1492 1520 1649 1577 amni,

480 1596 678 1647 Stillare
703 1600 752 1646 et
777 1598 1034 1661 liquidum
1062 1598 1356 1649 madefacto
1376 1615 1403 1649 e
1424 1615 1647 1663 corpore
1667 1616 1854 1651 rorem.
1896 1615 1939 1647 65

482 1678 600 1726 Hoc
638 1681 777 1738 nato,
817 1682 995 1738 mater,
1017 1683 1221 1742 praesta,
1251 1683 1306 1730 ut
1332 1680 1462 1731 deus
1485 1682 1565 1730 ille
1603 1681 1866 1746 benignus

479 1758 673 1808 Excitet
709 1774 736 1808 e
774 1773 966 1809 somno
1004 1760 1274 1823 stupidum
1314 1762 1662 1826 exhibeatque
1700 1764 1872 1813 matel-

1742 1844 1871 1902 lam3

479 1919 681 1970 Cedam
719 1935 820 1985 ego
857 1923 1093 1972 cariculis
1131 1924 1280 1974 siccis
1318 1923 1564 1988 dulcique
1601 1925 1870 1988 placentae.

345 2001 454 2051 Pel.
492 2001 666 2066 Atqui,
706 2006 839 2063 nate,
880 2003 1011 2054 deus
1050 2005 1118 2053 nil
1157 2006 1343 2063 esurit;
1382 2006 1463 2055 ille
1500 2007 1759 2056 matellam

481 2082 638 2134 Haud
677 2087 836 2134 curat.
877 2084 1020 2144 Quin
1060 2085 1202 2136 dona
1238 2102 1366 2149 cape
1403 2090 1452 2136 et
1489 2102 1617 2151 cape
1655 2088 1869 2147 semina,

1606 2168 1741 2233 [quis
1778 2171 1832 2218 tu
1892 2182 1936 2214 70

478 2244 695 2295 Urinam
735 2245 1006 2297 moderere
1044 2250 1093 2296 et
1130 2248 1253 2299 lotia
1291 2263 1404 2298 rara
1440 2250 1701 2308 remittas;

478 2324 565 2376 Sin
603 2327 762 2385 aliter,
801 2326 931 2378 deus
969 2328 1049 2378 ille
1098 2331 1211 2378 atro
1260 2329 1352 2379 tibi
1401 2332 1519 2379 nate
1556 2330 1822 2395 flagellum

476 2407 707 2456 Incutiet.
745 2407 899 2457 Volat
936 2410 1230 2471 explorans,
1269 2411 1387 2474 quis
1425 2412 1581 2461 lintea
1618 2426 1813 2475 parvus

477 2487 730 2551 lnquinet‚
771 2489 1056 2553 urticaeque
1096 2489 1277 2540 decem
1316 2491 1413 2541 fert
1449 2507 1504 2541 se
1553 2495 1672 2542 ante
1710 2493 1868 2542 mani-

1766 2574 1861 2632 los,

479 2648 538 2696 Et
575 2647 726 2698 caedit
763 2651 958 2700 scutica
996 2651 1255 2714 nigroque
1295 2653 1508 2702 involvit
1543 2573 1761 2703 amictt[1p
1891 2666 1933 2698 ⁷5

477 2728 859 2780 Micturientem
890 2732 1133 2794 aliquem,
1162 2736 1402 2797 tetroque
1423 2734 1671 2784 absorbet
1709 2735 1866 2785 hiatu.

479 2809 700 2858 Mitescit
737 2814 909 2861 tamen
949 2816 997 2861 et
1035 2812 1192 2862 rictus
1240 2815 1527 2877 compescit
1563 2815 1767 2874 hiantiS‚

479 2887 798 2941 pectendum
836 2894 1083 2957 quotiens
1108 2895 1255 2943 matri
1294 2894 1543 2958 buxoque
1580 2895 1863 2946 colendum
