2002 3161
242 137 333 186 146
665 133 817 183 Poeta·
849 132 1028 183 amani
1033 132 1105 183 sti
1136 131 1401 197 maggiori

233 263 377 322 Quid
415 262 648 327 refugis?
684 260 938 325 tingenda
974 260 1066 311 tibi
1103 261 1209 325 jam
1246 260 1365 310 lana
1401 261 1628 322 paratur,

234 345 356 404 Qua
392 345 571 404 niteas,
608 358 929 407 superesque
966 343 1105 402 alias,
1144 342 1378 401 Galatea,
1415 341 1641 404 puellas;
1790 356 1834 387 ιο

235 428 374 476 Lana
410 427 566 476 maris
602 426 803 489 spumis
834 439 968 488 quae
995 424 1218 473 mollior.
1259 423 1409 472 Hanc
1435 422 1560 471 mihi
1587 425 1766 485 pastor

234 509 346 571 Ipse
383 508 524 567 olim,
562 507 704 557 dedit
741 507 876 556 hanc
913 508 1093 569 pastor
1128 505 1421 563 Melisaeus‚
1459 503 1525 552 ab
1562 504 1664 553 alta

234 589 416 646 Quum
454 603 536 638 me
573 588 706 637 forte
743 601 900 637 senex
936 585 1166 636 audisset
1203 599 1334 648 rupe
1371 586 1671 643 canentem;

236 671 294 719 Et
331 670 480 719 dixit:
521 669 671 728 Puer,
710 669 806 718 ista
841 671 961 717 tuae
998 668 1100 717 sint
1136 667 1368 730 praemia
1404 667 1603 725 Musae,

235 750 685 814 Quandoquidem
724 752 903 799 nostra
939 749 1167 799 cecinisti
1205 748 1406 810 primus
1443 747 1494 796 in
1532 750 1660 796 acta.
1784 758 1825 792 4⁵

235 834 306 882 Ex
342 834 429 882 illo
467 833 517 882 in
555 832 770 882 calathis
808 832 1022 890 servavi,
1059 833 1116 880 ut
1154 831 1356 880 mittere
1393 844 1622 892 possem.

233 914 334 965 Sed
372 918 444 974 tu,
481 929 655 978 nequa
691 913 815 962 mihi
854 915 1064 976 superet
1101 927 1237 975 spes,
1275 926 1448 975 nequa
1484 911 1644 961 futuri

233 992 502 1052 ConditiO,
542 991 776 1051 Galatea,
815 1006 1030 1041 manum
1068 990 1193 1040 mihi
1231 989 1363 1039 dura
1399 991 1617 1053 negasti.

135 1102 138 1103 ν
234 1074 351 1123 Hoc
388 1076 479 1132 est,
520 1073 638 1133 hoc,
677 1073 925 1122 miserum
964 1071 1110 1136 quod
1148 1070 1389 1134 perdidit.
1428 1071 1497 1120 lte
1534 1070 1756 1121 Camoe—

1646 1167 1761 1212 nae,

232 1239 300 1287 Ite
337 1237 537 1299 procul,
575 1237 767 1299 sprevit
804 1237 1013 1285 nostras
1052 1234 1271 1285 Galatea
1308 1233 1563 1297 querelas.
1783 1245 1828 1278 50

231 1319 447 1379 Scilicet,
485 1319 702 1382 exiguae
737 1317 920 1367 videor
956 1316 1103 1381 quod
1140 1316 1312 1365 navita
1347 1315 1581 1379 cymbae,

231 1401 502 1465 Quodque
539 1401 676 1450 leves
713 1400 915 1459 hamos,
953 1399 1267 1462 nodosaque
1303 1398 1429 1447 retia
1467 1400 1646 1458 tracto,

230 1483 484 1545 Despicis.
522 1482 602 1531 An
640 1482 808 1544 patrio
841 1496 949 1531 non
976 1481 1078 1530 hoc
1105 1494 1320 1544 quoque
1346 1480 1494 1529 litore
1521 1479 1758 1530 Glaucus

231 1565 477 1614 Fecerat?
513 1578 804 1628 aequoreae
843 1562 1080 1613 Glaucus
1117 1564 1375 1611 scrutator
1411 1575 1612 1620 arenae,

231 1647 290 1696 Et
326 1661 467 1696 nunc
504 1647 586 1696 ille
613 1645 826 1709 quidem
853 1643 1174 1694 tumidarum
1212 1643 1422 1692 Numen
1461 1657 1733 1706 aquarum.
1782 1655 1824 1688 ⁵⁵

232 1727 333 1778 Sed
371 1743 481 1787 nee,
521 1743 654 1791 quae
692 1727 911 1776 nimium
948 1726 1027 1776 vel
1067 1741 1149 1775 me
1187 1726 1260 1775 sic
1295 1725 1425 1774 falsa
1461 1724 1656 1788 fatigat,

233 1809 427 1858 Fabula
463 1812 512 1858 te
549 1811 756 1858 moveat
794 1806 981 1871 Lydae.
1022 1808 1160 1856 Licet
1197 1806 1280 1855 illa
1317 1805 1503 1868 puellis

223 1891 401 1953 Jactet,
439 1891 615 1939 nescio
655 1903 785 1952 quas
822 1889 946 1937 mihi
985 1902 1039 1938 se
1078 1888 1278 1937 misisse
1316 1887 1567 1936 corollas:

231 1971 355 2020 Non
393 1985 475 2021 me
513 1970 653 2034 Lyda
689 1972 879 2028 tamen,
917 1983 1025 2018 non
1064 1968 1282 2031 impulit,
1321 1982 1552 2031 aequora
1577 1969 1753 2027 testor,

232 2051 592 2115 Nereidasque
630 2066 829 2101 omnes.
868 2050 918 2100 Si
956 2049 1095 2109 fallo,
1133 2048 1420 2112 naufragus
1447 2048 1556 2097 illas
1779 2060 1824 2092 (ιο

233 2134 490 2197 Experiar,
529 2133 801 2196 salsosque
838 2131 1017 2181 bibam
1056 2130 1154 2181 sub
1192 2131 1400 2194 gurgite
1437 2129 1644 2179 fluctus.

234 2215 352 2264 l-leu
401 2214 528 2278 quid
568 2214 759 2278 agam?
795 2216 1032 2263 externas
1069 2215 1211 2261 trans
1248 2212 1471 2273 pontum
1503 2224 1756 2273 quaerere

1578 2291 1757 2356 [terras

224 2376 543 2440 jampridem
570 2380 646 2427 est
671 2377 902 2426 animus:
931 2389 1041 2439 quo
1068 2388 1359 2438 numquam
1384 2373 1571 2431 navita,
1609 2387 1755 2422 num-

869 2506 872 2507 .
1577 2454 1753 2518 [quam

233 2540 463 2591 Piscator
498 2541 683 2591 veniat.
723 2540 851 2589 Fors
888 2539 987 2588 illic
1024 2540 1204 2588 nostra
1240 2536 1412 2587 licebit

234 2622 355 2670 Fata
391 2623 553 2685 queri.
592 2622 788 2671 Boreae
824 2623 1055 2670 extremo
1093 2619 1339 2668 damnata
1375 2616 1473 2668 sub
1512 2631 1604 2667 axe
1776 2626 1818 2660 6⁵

231 2702 425 2764 Stafgna
444 2705 633 2764 petam,
654 2705 703 2752 et
723 2702 903 2766 rigidis
923 2715 1213 2764 numquam
1235 2714 1343 2749 non
1369 2712 1499 2748 cana
1513 2697 1713 2760 pruinis
1727 2696 1752 2746 ?

231 2782 310 2831 An
351 2783 538 2846 Libyae
574 2784 798 2846 rapidas,
834 2783 1115 2845 Austrique
1152 2781 1374 2844 tepentis
1410 2793 1607 2837 arenaS,

230 2865 291 2914 Et
327 2864 530 2914 videam
568 2866 748 2929 nigros
775 2865 1020 2928 populos,
1047 2862 1328 2927 Solemque
1352 2858 1749 2924 propinquum?
