2002 3161
641 252 818 313 Iacopo
853 248 1157 299 Sanmzzaro
1610 250 1689 296 181

177 366 229 417 O
266 366 428 416 decus
463 362 605 421 caeli,
643 361 794 411 simul
833 364 882 410 et
919 363 1149 417 tuorum,

241 447 351 500 Rite
388 459 543 510 quem
583 457 740 507 parva
776 455 1085 491 veneramur
1121 438 1282 494 aede;

240 527 340 578 Cui
377 523 787 589 frequentandas
823 522 1034 586 populis
1071 520 1258 570 futuris
1654 529 1694 562 35

439 607 693 656 Ponimus
730 619 875 655 aras:

171 688 220 739 Si
259 688 382 737 mihi
421 687 620 749 primos
656 684 863 748 generis
900 684 1160 746 parenteS,

237 768 286 819 Si
326 767 448 816 mihi
487 767 656 816 lucem
694 765 885 828 pariter
923 763 1137 813 dedisti:

237 850 355 898 Huc
391 862 520 911 age;
559 850 608 896 et
645 846 846 896 fontem
886 844 977 894 tibi
1018 842 1316 893 dedicatum

432 929 597 991 Saepe
634 927 813 977 revise.

359 1174 571 1233 QUUM
610 1173 652 1222 Α
691 1170 937 1225 PATRIA
976 1169 1447 1222 DlsCEDERET.*

658 1274 757 1318 (Lib.
785 1274 850 1316 111,
880 1272 1009 1317 Epigr.
1036 1273 1136 1315 vn.)

170 1369 501 1431 Parthenope
539 1366 663 1415 mihi
701 1365 839 1415 culta
874 1365 1003 1423 vale,
1040 1362 1383 1413 blandissima
1421 1361 1583 1421 Siren,

230 1452 401 1516 Atque
438 1450 573 1500 horti
610 1448 830 1505 valeant,
871 1445 1297 1509 Hesperidesque
1334 1446 1468 1493 tuae.

163 1533 456 1599 Mergillina
490 1532 602 1581 vale
639 1529 808 1595 nostri¹
843 1542 1062 1586 memor,
1100 1530 1150 1576 et
1188 1540 1303 1575 mea
1340 1525 1514 1575 flentis

229 1616 374 1667 Serta
409 1628 554 1676 cape,
592 1613 694 1661 heu
733 1610 934 1660 domini
975 1622 1195 1658 munera
1233 1622 1387 1656 avara
1426 1607 1515 1655 tui.

162 1699 427 1748 Maternae
463 1695 654 1745 salvete
692 1692 926 1749 umbrae,
964 1690 1157 1740 salvete
1195 1691 1463 1751 paternae,
1666 1698 1683 1729 5

228 1778 460 1840 Accipite
497 1779 546 1825 et
582 1774 765 1825 vestris
804 1773 987 1822 thurea
1025 1771 1167 1820 dona
1204 1770 1352 1819 focis.

160 1862 305 1911 Neve
342 1874 477 1924 nega
514 1860 726 1921 optatos
761 1857 910 1919 virgo
950 1853 1223 1905 Sebethias
1259 1866 1456 1909 amneS,

228 1942 556 2004 Absentique
593 1943 710 1989 tuas
747 1938 834 1988 det
871 1937 996 1986 mihi
1035 1950 1256 1987 somnus
1294 1948 1473 1998 aquas.

163 2025 265 2074 Det
300 2023 441 2073 fesso
478 2021 697 2072 aestivas
735 2019 950 2070 umbras
986 2032 1166 2081 sopor,
1203 2019 1253 2066 et
1289 2016 1414 2066 levis
1452 2028 1578 2063 aura

229 2106 573 2168 Fluminaque
609 2104 722 2167 ipsa
758 2116 857 2152 suo
895 2102 1009 2150 lene
1046 2101 1238 2150 sonent
1274 2098 1510 2160 strepitu.
1655 2106 1696 2139 ιο

163 2187 380 2238 Exilium
418 2201 539 2236 nam
577 2187 768 2248 sponte
804 2197 1015 2246 sequor,
1052 2181 1162 2231 fors
1201 2181 1314 2244 ipsa
1350 2177 1559 2228 favebit.

227 2268 472 2319 Fortibus
509 2268 637 2317 haec
673 2266 826 2317 solita
864 2267 942 2314 est
980 2277 1136 2328 saepe
1175 2265 1225 2312 et
1263 2260 1450 2311 adesse
1486 2259 1608 2309 viris

161 2351 220 2400 Et
247 2350 370 2400 mihi
397 2352 519 2399 sunt
545 2348 766 2398 comites
792 2347 990 2404 Musae,
1018 2347 1140 2395 sunt
1167 2343 1386 2393 numina
1421 2343 1619 2390 vatum.

231 2431 290 2480 Et
327 2443 476 2479 mens
510 2429 643 2478 laeta
679 2427 787 2477 suis
824 2424 1020 2490 gaudet
1057 2424 1122 2474 ab
1162 2422 1422 2485 auspiciis.

165 2511 540 2574 Blanditurque
566 2509 723 2560 animi
750 2510 999 2557 constans
1025 2505 1296 2561 sententia,
1325 2502 1566 2566 quamvis
1653 2511 1689 2544 15

232 2592 374 2641 Exilii
413 2590 654 2639 meritum
693 2588 756 2637 sit
793 2587 917 2636 satis
955 2586 1067 2648 ipsa
1104 2583 1254 2633 fides.

201 2822 218 2839 *
248 2820 278 2862 11
301 2820 545 2862 Sannazaro
575 2815 887 2868 accompaffno,
919 2826 1037 2855 come
1059 2814 1090 2854 s‘
1108 2815 1130 2853 ὲ
1162 2814 1279 2854 detto
1302 2814 1369 2863 (V.
1393 2811 1695 2853 Introduzione

97 2899 119 2927 ο
148 2899 190 2938 p.
222 2890 309 2933 148,
340 2888 472 2937 nota),
496 2898 538 2926 re
577 2884 777 2926 federico
817 2882 1068 2933 d’Aragona
1090 2879 1334 2926 nell‘esilio,
1353 2879 1616 2921 fedelissimo
1649 2879 1690 2917 al

101 2955 328 2999 benamato
358 2965 543 2994 sovrano
573 2965 595 2992 e
625 2955 839 2993 mecenate
869 2948 1088 2989 munifico.
