2002 3161
246 158 337 207 142
674 158 827 210 Poeti
860 160 1109 211 amanisti
1140 162 1402 227 maggiori

307 282 462 332 Nunc
499 282 668 343 dolor,
694 287 1041 349 aeternusque
1068 286 1174 336 imo
1201 286 1301 336 sub
1340 290 1550 350 pectore
1575 288 1763 341 luctus.

304 364 427 414 Non
465 365 606 415 licuit
643 367 815 416 tecum
853 370 1064 430 optatos
1100 369 1421 433 coniungere
1458 384 1694 431 somnos,

303 445 489 496 Dulcia
526 460 621 496 nec
657 447 855 509 primae
892 447 1170 511 decerpere
1207 449 1348 500 dona
1383 451 1641 515 juventae,

302 527 407 577 Aut
443 528 596 578 simul
633 531 894 579 extremos
930 530 1086 579 vitam
1126 530 1418 593 producere
1456 533 1506 582 in
1544 548 1728 584 annos.
1788 545 1829 577 ⁶5

303 608 458 658 Nunc
493 612 542 658 te
580 610 718 674 (quis
754 610 992 673 credatP)
1031 612 1162 674 lapis
1198 612 1281 662 hic
1319 613 1502 663 habet:
1539 617 1590 664 et
1639 616 1763 664 mihi

1373 695 1655 759 [nusquam
1694 711 1765 756 eS,

302 771 579 834 Nusquam
606 774 858 823 terrarum
888 773 1104 837 Phyllis:
1132 774 1224 824 sed
1251 774 1444 836 fabula,
1470 780 1520 826 et
1545 778 1762 828 umbrae

304 852 636 903 Frustrantur
673 855 888 905 miseras
924 870 1016 918 per
1052 855 1163 906 dira
1200 857 1462 908 insomnia
1497 862 1695 910 noctes.

303 935 387 983 Me
424 935 704 984 miserum:
743 950 847 999 qua
883 939 932 986 te
969 937 1180 987 tandem
1207 939 1422 1003 regione
1458 942 1719 1004 requiram
1741 942 1766 990 Ρ

301 1014 486 1073 Quave
522 1017 749 1080 sequar?
774 1032 866 1080 per
893 1021 941 1068 te
967 1019 1238 1082 quondam
1266 1021 1391 1070 mihi
1418 1024 1552 1072 terra
1578 1023 1740 1085 place·
1789 1035 1832 1071 70

1640 1104 1763 1169 [bat,

300 1177 359 1227 Et
397 1180 597 1241 populi,
635 1179 904 1244 laetaeque
940 1183 1049 1232 suis
1085 1197 1206 1233 cum
1245 1184 1527 1235 moenibus
1569 1185 1761 1236 urbes:

299 1259 454 1309 Nunc
489 1260 634 1324 iuvat
672 1262 910 1313 immensi
949 1263 1080 1314 fines
1117 1264 1335 1315 lustrare
1372 1266 1640 1328 profundi,

299 1340 501 1404 Perque
539 1342 859 1404 procellosas
895 1359 1064 1394 errare
1101 1345 1340 1397 licentius
1377 1347 1547 1398 undas

301 1422 578 1472 Tritonum
617 1425 903 1475 immistum
941 1426 1124 1486 turbiS,
1161 1428 1550 1492 scopulosaque
1586 1432 1697 1480 cete

301 1503 449 1562 Inter,
486 1506 536 1554 et
573 1505 824 1556 informes
861 1507 1092 1557 horrenti
1129 1523 1353 1571 corpore
1390 1509 1606 1572 phocas,
1787 1521 1827 1558 7⁵

301 1582 429 1642 Quo
465 1599 755 1650 numquam
794 1590 954 1638 terras
989 1587 1210 1639 videam.
1241 1589 1353 1653 Jam
1391 1590 1495 1655 jam
1534 1591 1617 1641 illa
1653 1593 1730 1641 tot

1594 1673 1762 1737 [annis

298 1743 454 1794 Culta
490 1746 614 1795 mihi
653 1747 819 1807 telluS,
858 1750 1164 1814 populique,
1203 1751 1484 1816 urbesque,
1520 1752 1715 1803 valete:

299 1825 476 1876 Litora
512 1841 644 1887 cara,
681 1829 877 1879 valete:
913 1831 1025 1881 vale
1062 1832 1233 1892 simul,
1272 1834 1472 1895 optima
1509 1832 1692 1898 Phylli.

300 1906 414 1957 Nos
451 1907 560 1968 tibi,
598 1923 697 1959 nos
734 1910 945 1974 liquidis
982 1915 1181 1975 septem
1219 1928 1317 1976 pro
1354 1914 1603 1965 fluctibus
1641 1930 1754 1965 aras

299 1986 595 2040 Ponemus:
634 1994 943 2056 septemque
980 1993 1071 2043 tibi
1110 1994 1175 2044 de
1212 2010 1358 2045 more
1395 1997 1680 2059 quotannis
1785 2007 1826 2040 80

297 2070 533 2121 Monstra
570 2073 725 2123 maris
752 2075 927 2139 magni
953 2076 1144 2126 vitulos
1181 2076 1526 2128 mactabimus
1563 2078 1758 2128 hirtos:

299 2151 359 2200 Et
395 2151 486 2201 tibi
526 2155 755 2215 septenis
792 2155 1100 2217 pendebunt
1136 2160 1308 2207 ostrea
1343 2160 1507 2218 sertis,

297 2231 488 2283 Ostrea
525 2235 812 2286 muricibus
846 2238 1054 2297 variata,
1092 2238 1329 2302 albisque
1366 2239 1568 2303 lapillis,

299 2314 398 2363 Hic
435 2315 526 2364 tibi
567 2316 770 2377 Nisaee,
807 2321 857 2368 et
893 2319 1058 2370 flavos
1094 2321 1323 2371 resoluta
1359 2322 1576 2384 capillos

299 2394 621 2458 Cymodoce,
660 2399 902 2463 mitisque
939 2401 1023 2463 pia
1059 2416 1179 2451 cum
1217 2403 1382 2452 Matre
1419 2402 1716 2463 Palaemon,
1779 2416 1821 2450 ss

299 2475 358 2524 Et
396 2476 625 2540 Panope,
662 2482 711 2528 et
748 2480 903 2530 Siculi
942 2485 1120 2532 custos
1158 2482 1375 2534 Galatea
1415 2484 1664 2547 profundi

299 2554 551 2608 Solennes
586 2562 794 2610 nectent
827 2561 1061 2622 choreaS,
1098 2565 1147 2613 et
1182 2565 1411 2615 carmina
1447 2564 1646 2615 dicent:

350 2755 392 2795 V.
423 2757 489 2796 86.
521 2757 711 2806 Galatea,
744 2764 881 2801 amata
910 2762 979 2801 dal
999 2762 1161 2813 ciclope
1182 2763 1406 2812 Polifemo,
1427 2776 1498 2804 era
1517 2776 1602 2804 una
1621 2766 1817 2815 graziosa

234 2820 353 2924 Ginfa
382 2823 558 2871 marina,
592 2826 813 2874 prediletta
841 2828 949 2869 nelle
968 2830 1182 2881 leggende
1202 2831 1312 2872 della
1330 2831 1469 2872 Sicilia
1488 2844 1511 2872 e
1527 2832 1637 2874 della
1655 2835 1817 2886 Magna

280 2897 402 2927 reela.
