<?xml version="1.0" encoding="UTF-8"?>
<!DOCTYPE html PUBLIC "-//W3C//DTD XHTML 1.0 Transitional//EN"
    "http://www.w3.org/TR/xhtml1/DTD/xhtml1-transitional.dtd">
<html xmlns="http://www.w3.org/1999/xhtml" xml:lang="en" lang="en">
 <head>
  <title>
</title>
<meta http-equiv="Content-Type" content="text/html;charset=utf-8" />
  <meta name='ocr-system' content='tesseract 3.04.00' />
  <meta name='ocr-capabilities' content='ocr_page ocr_carea ocr_par ocr_line ocrx_word'/>
</head>
<body>
  <div class='ocr_page' id='page_1' title='image "./poetiumanistimag00griluoft_0143.png"; bbox 0 0 2002 3161; ppageno 0'>
   <div class='ocr_carea' id='block_1_1' title="bbox 0 2661 3 2924">
    <p class='ocr_par' dir='ltr' id='par_1_1' title="bbox 0 2661 3 2924">
     <span class='ocr_line' id='line_1_1' title="bbox 0 2661 2 2752; baseline 0 -65"><span class='ocrx_word' id='word_1_1' title='bbox 0 2661 2 2752; x_wconf 31' lang='lat' dir='ltr'>j</span> 
     </span>
     <span class='ocr_line' id='line_1_2' title="bbox 0 2842 3 2924; baseline 0 0"><span class='ocrx_word' id='word_1_2' title='bbox 0 2842 3 2924; x_wconf 75' lang='lat' dir='ltr'>l</span> 
     </span>
    </p>
   </div>
   <div class='ocr_carea' id='block_1_2' title="bbox 102 261 1679 861">
    <p class='ocr_par' dir='ltr' id='par_1_2' title="bbox 102 261 1679 861">
     <span class='ocr_line' id='line_1_3' title="bbox 102 261 1679 861; baseline 0 2300"><span class='ocrx_word' id='word_1_3' title='bbox 102 261 1679 861; x_wconf 95' lang='lat' dir='ltr'> </span> 
     </span>
    </p>
   </div>
   <div class='ocr_carea' id='block_1_3' title="bbox 455 1124 1312 1192">
    <p class='ocr_par' dir='ltr' id='par_1_3' title="bbox 455 1124 1312 1192">
     <span class='ocr_line' id='line_1_4' title="bbox 455 1124 1312 1192; baseline -0.013 0"><span class='ocrx_word' id='word_1_4' title='bbox 455 1126 740 1192; x_wconf 79' lang='lat' dir='ltr'>DALLE</span> <span class='ocrx_word' id='word_1_5' title='bbox 782 1126 786 1130; x_wconf 72' lang='grc'><strong>’</strong></span> <span class='ocrx_word' id='word_1_6' title='bbox 819 1155 844 1182; x_wconf 85' lang='grc'>&lt;&lt;</span> <span class='ocrx_word' id='word_1_7' title='bbox 880 1124 1253 1190; x_wconf 77' lang='lat' dir='ltr'>ELEGIAE</span> <span class='ocrx_word' id='word_1_8' title='bbox 1286 1155 1312 1181; x_wconf 82' lang='lat'>»</span> 
     </span>
    </p>
   </div>
   <div class='ocr_carea' id='block_1_4' title="bbox 698 1448 1087 1499">
    <p class='ocr_par' dir='ltr' id='par_1_4' title="bbox 698 1448 1087 1499">
     <span class='ocr_line' id='line_1_5' title="bbox 698 1448 1087 1499; baseline 0.003 -1"><span class='ocrx_word' id='word_1_9' title='bbox 698 1450 766 1498; x_wconf 83' lang='grc' dir='ltr'>ΙΝ</span> <span class='ocrx_word' id='word_1_10' title='bbox 803 1448 1051 1499; x_wconf 82' lang='lat' dir='ltr'>VlOLAS</span> <span class='ocrx_word' id='word_1_11' title='bbox 1066 1450 1087 1475; x_wconf 68' lang='lat'>’³‘</span> 
     </span>
    </p>
   </div>
   <div class='ocr_carea' id='block_1_5' title="bbox 156 1572 1445 1880">
    <p class='ocr_par' dir='ltr' id='par_1_5' title="bbox 156 1572 1445 1880">
     <span class='ocr_line' id='line_1_6' title="bbox 422 1572 1343 1609; baseline -0.001 -1"><span class='ocrx_word' id='word_1_12' title='bbox 422 1575 451 1608; x_wconf 81' lang='grc' dir='ltr'>Α</span> <span class='ocrx_word' id='word_1_13' title='bbox 489 1572 698 1609; x_wconf 72' lang='lat' dir='ltr'>VENERE</span> <span class='ocrx_word' id='word_1_14' title='bbox 735 1573 839 1607; x_wconf 78' lang='grc' dir='ltr'>ΜΕΑ</span> <span class='ocrx_word' id='word_1_15' title='bbox 878 1572 1029 1607; x_wconf 81' lang='lat' dir='ltr'>DONo</span> <span class='ocrx_word' id='word_1_16' title='bbox 1067 1572 1343 1607; x_wconf 74' lang='lat' dir='ltr'><strong>ACCEPTAS.</strong></span> 
     </span>
     <span class='ocr_line' id='line_1_7' title="bbox 775 1643 1014 1703; baseline 0 -11"><span class='ocrx_word' id='word_1_17' title='bbox 775 1643 915 1703; x_wconf 79' lang='lat' dir='ltr'>(Eleg.</span> <span class='ocrx_word' id='word_1_18' title='bbox 945 1654 1014 1703; x_wconf 88' lang='lat' dir='ltr'>v.)</span> 
     </span>
     <span class='ocr_line' id='line_1_8' title="bbox 156 1735 1445 1794; baseline -0.002 -8"><span class='ocrx_word' id='word_1_19' title='bbox 156 1737 341 1786; x_wconf 85' lang='lat' dir='ltr'>Molles</span> <span class='ocrx_word' id='word_1_20' title='bbox 379 1751 410 1785; x_wconf 94' lang='lat' dir='ltr'>o</span> <span class='ocrx_word' id='word_1_21' title='bbox 448 1735 616 1794; x_wconf 87' lang='lat' dir='ltr'>violae‚</span> <span class='ocrx_word' id='word_1_22' title='bbox 653 1736 856 1784; x_wconf 86' lang='lat' dir='ltr'>veneris</span> <span class='ocrx_word' id='word_1_23' title='bbox 893 1735 1206 1784; x_wconf 87' lang='lat' dir='ltr'>munuscula</span> <span class='ocrx_word' id='word_1_24' title='bbox 1233 1737 1445 1793; x_wconf 77' lang='lat' dir='ltr'>nostrae,</span> 
     </span>
     <span class='ocr_line' id='line_1_9' title="bbox 222 1816 1378 1880; baseline -0.001 -14"><span class='ocrx_word' id='word_1_25' title='bbox 222 1818 388 1867; x_wconf 84' lang='lat' dir='ltr'>Dulce</span> <span class='ocrx_word' id='word_1_26' title='bbox 415 1816 609 1880; x_wconf 89' lang='lat' dir='ltr'>quibus</span> <span class='ocrx_word' id='word_1_27' title='bbox 635 1817 761 1865; x_wconf 88' lang='lat' dir='ltr'>tanti</span> <span class='ocrx_word' id='word_1_28' title='bbox 789 1816 984 1879; x_wconf 86' lang='lat' dir='ltr'>pignus</span> <span class='ocrx_word' id='word_1_29' title='bbox 1009 1817 1202 1866; x_wconf 86' lang='lat' dir='ltr'>amoris</span> <span class='ocrx_word' id='word_1_30' title='bbox 1230 1817 1378 1875; x_wconf 84' lang='lat' dir='ltr'>inest,</span> 
     </span>
    </p>
   </div>
   <div class='ocr_carea' id='block_1_6' title="bbox 156 1897 1583 2042">
    <p class='ocr_par' dir='ltr' id='par_1_6' title="bbox 156 1897 1583 2042">
     <span class='ocr_line' id='line_1_10' title="bbox 156 1897 1583 1960; baseline -0.001 -12"><span class='ocrx_word' id='word_1_31' title='bbox 156 1898 293 1956; x_wconf 85' lang='lat' dir='ltr'>Quae</span> <span class='ocrx_word' id='word_1_32' title='bbox 318 1912 413 1947; x_wconf 85' lang='lat' dir='ltr'>vos</span> <span class='ocrx_word' id='word_1_33' title='bbox 439 1912 557 1960; x_wconf 86' lang='lat' dir='ltr'>quae</span> <span class='ocrx_word' id='word_1_34' title='bbox 583 1897 765 1959; x_wconf 84' lang='lat' dir='ltr'>genuit</span> <span class='ocrx_word' id='word_1_35' title='bbox 792 1897 978 1946; x_wconf 78' lang='lat' dir='ltr'>tellus?</span> <span class='ocrx_word' id='word_1_36' title='bbox 1005 1911 1112 1960; x_wconf 88' lang='lat' dir='ltr'>quo</span> <span class='ocrx_word' id='word_1_37' title='bbox 1141 1900 1348 1946; x_wconf 82' lang='lat' dir='ltr'>nectare</span> <span class='ocrx_word' id='word_1_38' title='bbox 1386 1897 1583 1947; x_wconf 79' lang='lat' dir='ltr'>odoras</span> 
     </span>
     <span class='ocr_line' id='line_1_11' title="bbox 223 1978 1453 2042; baseline -0.002 -12"><span class='ocrx_word' id='word_1_39' title='bbox 223 1979 535 2042; x_wconf 85' lang='lat' dir='ltr'>Sparserunt</span> <span class='ocrx_word' id='word_1_40' title='bbox 560 1979 769 2042; x_wconf 84' lang='lat' dir='ltr'>zephyri</span> <span class='ocrx_word' id='word_1_41' title='bbox 809 1979 980 2028; x_wconf 89' lang='lat' dir='ltr'>mollis</span> <span class='ocrx_word' id='word_1_42' title='bbox 1006 1981 1055 2027; x_wconf 83' lang='lat' dir='ltr'>et</span> <span class='ocrx_word' id='word_1_43' title='bbox 1082 1993 1208 2028; x_wconf 87' lang='lat' dir='ltr'>aura</span> <span class='ocrx_word' id='word_1_44' title='bbox 1233 1978 1453 2028; x_wconf 83' lang='lat' dir='ltr'>comas?</span> 
     </span>
    </p>
   </div>
   <div class='ocr_carea' id='block_1_7' title="bbox 671 2099 1664 2103">
    <p class='ocr_par' dir='ltr' id='par_1_7' title="bbox 671 2099 1664 2103">
     <span class='ocr_line' id='line_1_12' title="bbox 671 2099 1664 2103; baseline 0 0"><span class='ocrx_word' id='word_1_45' title='bbox 671 2099 1664 2103; x_wconf 95' lang='lat' dir='ltr'> </span> 
     </span>
    </p>
   </div>
   <div class='ocr_carea' id='block_1_8' title="bbox 90 2146 1685 2993">
    <p class='ocr_par' dir='ltr' id='par_1_8' title="bbox 90 2146 1685 2529">
     <span class='ocr_line' id='line_1_13' title="bbox 192 2146 1683 2196; baseline -0.001 -10"><span class='ocrx_word' id='word_1_46' title='bbox 192 2148 209 2165; x_wconf 89' lang='lat'><em>*</em></span> <span class='ocrx_word' id='word_1_47' title='bbox 239 2147 268 2186; x_wconf 90' lang='grc' dir='ltr'>ΙΙ</span> <span class='ocrx_word' id='word_1_48' title='bbox 300 2147 519 2186; x_wconf 88' lang='lat' dir='ltr'>Poliziano</span> <span class='ocrx_word' id='word_1_49' title='bbox 547 2148 588 2186; x_wconf 93' lang='lat' dir='ltr'>in</span> <span class='ocrx_word' id='word_1_50' title='bbox 621 2158 705 2186; x_wconf 85' lang='lat' dir='ltr'>una</span> <span class='ocrx_word' id='word_1_51' title='bbox 733 2147 881 2186; x_wconf 84' lang='lat' dir='ltr'>lettera</span> <span class='ocrx_word' id='word_1_52' title='bbox 910 2148 961 2186; x_wconf 88' lang='lat' dir='ltr'>ad</span> <span class='ocrx_word' id='word_1_53' title='bbox 992 2148 1181 2186; x_wconf 83' lang='lat' dir='ltr'>Antonio</span> <span class='ocrx_word' id='word_1_54' title='bbox 1200 2148 1317 2186; x_wconf 88' lang='lat' dir='ltr'>Zeno</span> <span class='ocrx_word' id='word_1_55' title='bbox 1340 2146 1559 2196; x_wconf 79' lang='lat' dir='ltr'>qualifico,</span> <span class='ocrx_word' id='word_1_56' title='bbox 1583 2157 1683 2196; x_wconf 89' lang='lat' dir='ltr'>que-</span> 
     </span>
     <span class='ocr_line' id='line_1_14' title="bbox 90 2213 1685 2264; baseline -0.001 -10"><span class='ocrx_word' id='word_1_57' title='bbox 90 2218 154 2254; x_wconf 84' lang='lat' dir='ltr'>sta</span> <span class='ocrx_word' id='word_1_58' title='bbox 182 2214 319 2264; x_wconf 86' lang='lat' dir='ltr'>elegia</span> <span class='ocrx_word' id='word_1_59' title='bbox 346 2214 611 2260; x_wconf 87' lang='lat' dir='ltr'>soavissima‚</span> <span class='ocrx_word' id='word_1_60' title='bbox 644 2225 732 2253; x_wconf 91' lang='lat' dir='ltr'>uno</span> <span class='ocrx_word' id='word_1_61' title='bbox 762 2214 937 2253; x_wconf 88' lang='lat' dir='ltr'>scherzo</span> <span class='ocrx_word' id='word_1_62' title='bbox 966 2213 1271 2261; x_wconf 78' lang='lat' dir='ltr'>fanciullesc03</span> <span class='ocrx_word' id='word_1_63' title='bbox 1302 2225 1324 2252; x_wconf 94' lang='lat' dir='ltr'>e</span> <span class='ocrx_word' id='word_1_64' title='bbox 1354 2214 1426 2252; x_wconf 89' lang='lat' dir='ltr'>noi</span> <span class='ocrx_word' id='word_1_65' title='bbox 1457 2213 1515 2262; x_wconf 88' lang='lat' dir='ltr'>gli</span> <span class='ocrx_word' id='word_1_66' title='bbox 1544 2213 1685 2252; x_wconf 90' lang='lat' dir='ltr'>crede-</span> 
     </span>
     <span class='ocr_line' id='line_1_15' title="bbox 93 2279 1684 2330; baseline -0.001 -11"><span class='ocrx_word' id='word_1_67' title='bbox 93 2291 255 2319; x_wconf 91' lang='lat' dir='ltr'>remmo</span> <span class='ocrx_word' id='word_1_68' title='bbox 284 2280 391 2319; x_wconf 86' lang='lat' dir='ltr'>sulla</span> <span class='ocrx_word' id='word_1_69' title='bbox 421 2280 583 2329; x_wconf 87' lang='lat' dir='ltr'>parola,</span> <span class='ocrx_word' id='word_1_70' title='bbox 615 2291 659 2319; x_wconf 90' lang='lat' dir='ltr'>se</span> <span class='ocrx_word' id='word_1_71' title='bbox 690 2279 901 2319; x_wconf 84' lang='lat' dir='ltr'>un’altra:</span> <span class='ocrx_word' id='word_1_72' title='bbox 941 2281 989 2319; x_wconf 81' lang='lat' dir='ltr'>ln</span> <span class='ocrx_word' id='word_1_73' title='bbox 1028 2281 1220 2329; x_wconf 79' lang='lat' dir='ltr'><em>Lalagen</em></span> <span class='ocrx_word' id='word_1_74' title='bbox 1250 2280 1306 2330; x_wconf 88' lang='lat' dir='ltr'>(la</span> <span class='ocrx_word' id='word_1_75' title='bbox 1335 2280 1386 2325; x_wconf 89' lang='lat' dir='ltr'>X,</span> <span class='ocrx_word' id='word_1_76' title='bbox 1416 2279 1483 2318; x_wconf 91' lang='lat' dir='ltr'>nel</span> <span class='ocrx_word' id='word_1_77' title='bbox 1513 2279 1684 2318; x_wconf 89' lang='lat' dir='ltr'>volume</span> 
     </span>
     <span class='ocr_line' id='line_1_16' title="bbox 96 2345 1685 2396; baseline -0.002 -10"><span class='ocrx_word' id='word_1_78' title='bbox 96 2346 401 2396; x_wconf 86' lang='lat' dir='ltr'>polizianesco‚</span> <span class='ocrx_word' id='word_1_79' title='bbox 422 2347 496 2396; x_wconf 91' lang='lat' dir='ltr'>qui</span> <span class='ocrx_word' id='word_1_80' title='bbox 519 2358 542 2385; x_wconf 85' lang='lat' dir='ltr'>a</span> <span class='ocrx_word' id='word_1_81' title='bbox 573 2358 614 2396; x_wconf 89' lang='lat' dir='ltr'>p.</span> <span class='ocrx_word' id='word_1_82' title='bbox 641 2347 730 2396; x_wconf 89' lang='lat'>124)</span> <span class='ocrx_word' id='word_1_83' title='bbox 750 2358 836 2385; x_wconf 92' lang='lat' dir='ltr'>non</span> <span class='ocrx_word' id='word_1_84' title='bbox 860 2347 1079 2396; x_wconf 85' lang='lat' dir='ltr'>apparisse</span> <span class='ocrx_word' id='word_1_85' title='bbox 1100 2347 1304 2396; x_wconf 87' lang='lat' dir='ltr'>inspirata</span> <span class='ocrx_word' id='word_1_86' title='bbox 1325 2345 1438 2384; x_wconf 89' lang='lat' dir='ltr'>dalla</span> <span class='ocrx_word' id='word_1_87' title='bbox 1455 2345 1685 2384; x_wconf 88' lang='lat' dir='ltr'>medesima</span> 
     </span>
     <span class='ocr_line' id='line_1_17' title="bbox 95 2411 1685 2462; baseline -0.001 -10"><span class='ocrx_word' id='word_1_88' title='bbox 95 2414 254 2460; x_wconf 90' lang='lat' dir='ltr'>donna,</span> <span class='ocrx_word' id='word_1_89' title='bbox 287 2425 309 2452; x_wconf 94' lang='lat' dir='ltr'>e</span> <span class='ocrx_word' id='word_1_90' title='bbox 338 2424 425 2452; x_wconf 91' lang='lat' dir='ltr'>non</span> <span class='ocrx_word' id='word_1_91' title='bbox 456 2413 738 2452; x_wconf 88' lang='lat' dir='ltr'>dubitassimo</span> <span class='ocrx_word' id='word_1_92' title='bbox 768 2413 844 2452; x_wconf 90' lang='lat' dir='ltr'>che</span> <span class='ocrx_word' id='word_1_93' title='bbox 882 2413 915 2452; x_wconf 88' lang='lat' dir='ltr'>si</span> <span class='ocrx_word' id='word_1_94' title='bbox 956 2424 1084 2462; x_wconf 88' lang='lat' dir='ltr'>possa</span> <span class='ocrx_word' id='word_1_95' title='bbox 1111 2413 1291 2453; x_wconf 84' lang='lat' dir='ltr'>scrivere</span> <span class='ocrx_word' id='word_1_96' title='bbox 1328 2423 1407 2451; x_wconf 90' lang='lat' dir='ltr'>con</span> <span class='ocrx_word' id='word_1_97' title='bbox 1438 2414 1553 2450; x_wconf 84' lang='lat' dir='ltr'>tanta</span> <span class='ocrx_word' id='word_1_98' title='bbox 1582 2411 1685 2461; x_wconf 87' lang='lat' dir='ltr'>foga</span> 
     </span>
     <span class='ocr_line' id='line_1_18' title="bbox 93 2479 1114 2529; baseline 0 -11"><span class='ocrx_word' id='word_1_99' title='bbox 93 2480 134 2519; x_wconf 94' lang='lat' dir='ltr'>di</span> <span class='ocrx_word' id='word_1_100' title='bbox 164 2480 418 2519; x_wconf 86' lang='lat' dir='ltr'>sentimento</span> <span class='ocrx_word' id='word_1_101' title='bbox 447 2480 623 2529; x_wconf 90' lang='lat' dir='ltr'>quando</span> <span class='ocrx_word' id='word_1_102' title='bbox 652 2479 679 2518; x_wconf 93' lang='lat' dir='ltr'>il</span> <span class='ocrx_word' id='word_1_103' title='bbox 710 2490 838 2519; x_wconf 91' lang='lat' dir='ltr'>cuore</span> <span class='ocrx_word' id='word_1_104' title='bbox 868 2491 954 2519; x_wconf 91' lang='lat' dir='ltr'>non</span> <span class='ocrx_word' id='word_1_105' title='bbox 987 2480 1114 2518; x_wconf 87' lang='lat' dir='ltr'>detta.</span> 
     </span>
    </p>

    <p class='ocr_par' dir='ltr' id='par_1_9' title="bbox 92 2545 1685 2993">
     <span class='ocr_line' id='line_1_19' title="bbox 197 2545 1685 2594; baseline 0.001 -10"><span class='ocrx_word' id='word_1_106' title='bbox 197 2547 250 2584; x_wconf 88' lang='lat' dir='ltr'>Le</span> <span class='ocrx_word' id='word_1_107' title='bbox 280 2546 423 2585; x_wconf 91' lang='lat' dir='ltr'>donne</span> <span class='ocrx_word' id='word_1_108' title='bbox 453 2548 588 2584; x_wconf 85' lang='lat' dir='ltr'>amate</span> <span class='ocrx_word' id='word_1_109' title='bbox 608 2545 678 2585; x_wconf 88' lang='lat' dir='ltr'>dal</span> <span class='ocrx_word' id='word_1_110' title='bbox 700 2545 918 2585; x_wconf 85' lang='lat' dir='ltr'>Poliziano</span> <span class='ocrx_word' id='word_1_111' title='bbox 938 2545 1097 2585; x_wconf 86' lang='lat' dir='ltr'>furono</span> <span class='ocrx_word' id='word_1_112' title='bbox 1119 2546 1228 2584; x_wconf 85' lang='lat' dir='ltr'>due:</span> <span class='ocrx_word' id='word_1_113' title='bbox 1263 2545 1445 2594; x_wconf 91' lang='lat' dir='ltr'>lppolita</span> <span class='ocrx_word' id='word_1_114' title='bbox 1476 2546 1685 2585; x_wconf 87' lang='lat' dir='ltr'>Leoncina</span> 
     </span>
     <span class='ocr_line' id='line_1_20' title="bbox 96 2611 1685 2663; baseline 0.001 -12"><span class='ocrx_word' id='word_1_115' title='bbox 96 2613 150 2651; x_wconf 90' lang='lat' dir='ltr'>da</span> <span class='ocrx_word' id='word_1_116' title='bbox 179 2613 306 2652; x_wconf 88' lang='lat' dir='ltr'>Prato</span> <span class='ocrx_word' id='word_1_117' title='bbox 336 2624 358 2651; x_wconf 89' lang='lat' dir='ltr'>e</span> <span class='ocrx_word' id='word_1_118' title='bbox 386 2613 426 2652; x_wconf 88' lang='lat' dir='ltr'>la</span> <span class='ocrx_word' id='word_1_119' title='bbox 464 2616 660 2663; x_wconf 89' lang='lat' dir='ltr'>poetessa</span> <span class='ocrx_word' id='word_1_120' title='bbox 688 2612 944 2652; x_wconf 81' lang='lat' dir='ltr'>Alessandra</span> <span class='ocrx_word' id='word_1_121' title='bbox 973 2613 1106 2658; x_wconf 85' lang='lat' dir='ltr'>Scala,</span> <span class='ocrx_word' id='word_1_122' title='bbox 1146 2613 1222 2651; x_wconf 90' lang='lat' dir='ltr'>che</span> <span class='ocrx_word' id='word_1_123' title='bbox 1251 2611 1364 2651; x_wconf 77' lang='lat' dir='ltr'>ando</span> <span class='ocrx_word' id='word_1_124' title='bbox 1395 2613 1467 2661; x_wconf 93' lang='lat' dir='ltr'>poi</span> <span class='ocrx_word' id='word_1_125' title='bbox 1505 2624 1634 2661; x_wconf 85' lang='lat' dir='ltr'>sposa</span> <span class='ocrx_word' id='word_1_126' title='bbox 1662 2625 1685 2652; x_wconf 91' lang='lat' dir='ltr'>a</span> 
     </span>
     <span class='ocr_line' id='line_1_21' title="bbox 95 2678 1682 2728; baseline 0.001 -11"><span class='ocrx_word' id='word_1_127' title='bbox 95 2678 277 2718; x_wconf 89' lang='lat' dir='ltr'>Michele</span> <span class='ocrx_word' id='word_1_128' title='bbox 306 2679 506 2725; x_wconf 91' lang='lat' dir='ltr'>Marullo,</span> <span class='ocrx_word' id='word_1_129' title='bbox 539 2679 611 2728; x_wconf 77' lang='lat' dir='ltr'>piu</span> <span class='ocrx_word' id='word_1_130' title='bbox 641 2679 841 2718; x_wconf 90' lang='lat' dir='ltr'>valoroso</span> <span class='ocrx_word' id='word_1_131' title='bbox 881 2679 1101 2728; x_wconf 85' lang='lat' dir='ltr'>guerriero</span> <span class='ocrx_word' id='word_1_132' title='bbox 1130 2678 1206 2717; x_wconf 90' lang='lat' dir='ltr'>che</span> <span class='ocrx_word' id='word_1_133' title='bbox 1236 2681 1376 2728; x_wconf 83' lang='lat' dir='ltr'>poeta,</span> <span class='ocrx_word' id='word_1_134' title='bbox 1407 2678 1471 2718; x_wconf 94' lang='lat' dir='ltr'>col</span> <span class='ocrx_word' id='word_1_135' title='bbox 1503 2679 1628 2728; x_wconf 90' lang='lat' dir='ltr'>quale</span> <span class='ocrx_word' id='word_1_136' title='bbox 1657 2680 1682 2717; x_wconf 94' lang='lat' dir='ltr'>il</span> 
     </span>
     <span class='ocr_line' id='line_1_22' title="bbox 97 2744 1685 2794; baseline 0.001 -11"><span class='ocrx_word' id='word_1_137' title='bbox 97 2745 256 2784; x_wconf 88' lang='lat' dir='ltr'>Nostro</span> <span class='ocrx_word' id='word_1_138' title='bbox 285 2745 408 2791; x_wconf 87' lang='lat' dir='ltr'>ebbe,</span> <span class='ocrx_word' id='word_1_139' title='bbox 450 2745 562 2794; x_wconf 84' lang='lat' dir='ltr'>sugli</span> <span class='ocrx_word' id='word_1_140' title='bbox 603 2744 738 2783; x_wconf 88' lang='lat' dir='ltr'>ultimi</span> <span class='ocrx_word' id='word_1_141' title='bbox 776 2745 870 2785; x_wconf 86' lang='lat' dir='ltr'>suoi</span> <span class='ocrx_word' id='word_1_142' title='bbox 909 2745 1023 2791; x_wconf 88' lang='lat' dir='ltr'>anni,</span> <span class='ocrx_word' id='word_1_143' title='bbox 1064 2757 1086 2783; x_wconf 87' lang='lat' dir='ltr'>a</span> <span class='ocrx_word' id='word_1_144' title='bbox 1122 2747 1381 2783; x_wconf 86' lang='lat' dir='ltr'>contrastare</span> <span class='ocrx_word' id='word_1_145' title='bbox 1418 2749 1685 2793; x_wconf 86' lang='lat' dir='ltr'>aspramente</span> 
     </span>
     <span class='ocr_line' id='line_1_23' title="bbox 94 2800 1685 2861; baseline 0.001 -12"><span class='ocrx_word' id='word_1_146' title='bbox 94 2811 160 2860; x_wconf 92' lang='lat' dir='ltr'>(V.</span> <span class='ocrx_word' id='word_1_147' title='bbox 192 2811 307 2861; x_wconf 86' lang='lat' dir='ltr'>epig.</span> <span class='ocrx_word' id='word_1_148' title='bbox 342 2827 359 2845; x_wconf 79' lang='lat'>«</span> <span class='ocrx_word' id='word_1_149' title='bbox 381 2811 424 2849; x_wconf 92' lang='lat' dir='ltr'>In</span> <span class='ocrx_word' id='word_1_150' title='bbox 455 2810 678 2850; x_wconf 88' lang='lat' dir='ltr'>Mabilium</span> <span class='ocrx_word' id='word_1_151' title='bbox 699 2811 750 2860; x_wconf 75' lang='lat'>»).</span> <span class='ocrx_word' id='word_1_152' title='bbox 783 2800 813 2849; x_wconf 76' lang='grc' dir='ltr'>ΪΞ</span> <span class='ocrx_word' id='word_1_153' title='bbox 842 2811 965 2850; x_wconf 89' lang='lat' dir='ltr'>lecito</span> <span class='ocrx_word' id='word_1_154' title='bbox 994 2822 1206 2860; x_wconf 87' lang='lat' dir='ltr'>supporre</span> <span class='ocrx_word' id='word_1_155' title='bbox 1235 2810 1311 2849; x_wconf 89' lang='lat' dir='ltr'>che</span> <span class='ocrx_word' id='word_1_156' title='bbox 1340 2810 1595 2851; x_wconf 80' lang='lat' dir='ltr'>Alessandra</span> <span class='ocrx_word' id='word_1_157' title='bbox 1624 2812 1685 2850; x_wconf 85' lang='lat' dir='ltr'>sia</span> 
     </span>
     <span class='ocr_line' id='line_1_24' title="bbox 92 2877 1683 2927; baseline 0.001 -12"><span class='ocrx_word' id='word_1_158' title='bbox 92 2877 132 2915; x_wconf 88' lang='lat' dir='ltr'>la</span> <span class='ocrx_word' id='word_1_159' title='bbox 161 2877 318 2926; x_wconf 86' lang='lat' dir='ltr'>gentile</span> <span class='ocrx_word' id='word_1_160' title='bbox 347 2877 564 2917; x_wconf 89' lang='lat' dir='ltr'>donatrice</span> <span class='ocrx_word' id='word_1_161' title='bbox 594 2877 701 2916; x_wconf 92' lang='lat' dir='ltr'>delle</span> <span class='ocrx_word' id='word_1_162' title='bbox 730 2877 841 2916; x_wconf 92' lang='lat' dir='ltr'>viole</span> <span class='ocrx_word' id='word_1_163' title='bbox 871 2877 904 2917; x_wconf 86' lang='lat' dir='ltr'>si</span> <span class='ocrx_word' id='word_1_164' title='bbox 936 2888 1028 2916; x_wconf 87' lang='lat' dir='ltr'>care</span> <span class='ocrx_word' id='word_1_165' title='bbox 1059 2878 1095 2916; x_wconf 88' lang='lat' dir='ltr'>al</span> <span class='ocrx_word' id='word_1_166' title='bbox 1128 2877 1191 2924; x_wconf 65' lang='lat'>1³„</span> <span class='ocrx_word' id='word_1_167' title='bbox 1214 2889 1236 2916; x_wconf 91' lang='lat' dir='ltr'>e</span> <span class='ocrx_word' id='word_1_168' title='bbox 1264 2878 1325 2917; x_wconf 88' lang='lat' dir='ltr'>sia</span> <span class='ocrx_word' id='word_1_169' title='bbox 1354 2878 1486 2917; x_wconf 84' lang='lat' dir='ltr'>anche</span> <span class='ocrx_word' id='word_1_170' title='bbox 1515 2878 1554 2917; x_wconf 88' lang='lat' dir='ltr'>la</span> <span class='ocrx_word' id='word_1_171' title='bbox 1583 2878 1683 2927; x_wconf 85' lang='lat' dir='ltr'>ispi-</span> 
     </span>
     <span class='ocr_line' id='line_1_25' title="bbox 94 2943 837 2993; baseline 0.001 -11"><span class='ocrx_word' id='word_1_172' title='bbox 94 2943 242 2983; x_wconf 90' lang='lat' dir='ltr'>ratrice</span> <span class='ocrx_word' id='word_1_173' title='bbox 272 2943 512 2993; x_wconf 82' lang='lat' dir='ltr'>dell’elegia</span> <span class='ocrx_word' id='word_1_174' title='bbox 541 2953 670 2993; x_wconf 88' lang='lat' dir='ltr'>sopra</span> <span class='ocrx_word' id='word_1_175' title='bbox 699 2943 837 2983; x_wconf 88' lang='lat' dir='ltr'>citata.</span> 
     </span>
    </p>
   </div>
  </div>
 </body>
</html>
