2002 3161
698 174 898 238 Angelo
933 172 1206 223 Poliziano
1644 175 1661 222 l
1678 173 1735 223 19

156 305 272 355 Hoc
309 303 398 354 ubi
425 300 648 352 crudelis
683 299 810 349 vidit
836 298 1157 352 Rhamnusia
1182 298 1493 356 monstrum,

218 384 428 435 Exacuit
464 396 604 433 saevo
640 380 808 431 lurida
843 379 1004 429 corda
1041 392 1207 428 sono:
1677 388 1739 420 130

151 466 353 528 Aspicis
389 464 538 522 hanc,
565 461 747 525 inquit,
784 461 933 524 virgo
960 462 1069 509 sata
1105 458 1289 517 Nocte,
1328 456 1572 519 puellam,

218 546 387 610 Cujus
411 547 461 595 et
498 545 619 594 hinc
655 542 811 593 radiis
837 556 929 592 ora
965 555 1147 591 serena
1184 539 1408 596 micant;

154 628 291 687 Quae
326 626 535 691 gaudet,
562 626 650 675 fati
689 625 948 687 sortisque
975 623 1156 686 ignara
1192 620 1410 677 futurae3

219 708 396 767 Quam
434 707 599 772 digito
625 708 781 770 atque
819 704 984 755 oculis
1011 703 1174 752 densa
1209 704 1413 751 caterva
1439 700 1630 749 notat?

157 791 306 839 Hanc
332 790 448 838 nive
473 791 529 838 tu
554 787 742 852 gelida,
768 785 963 849 rapidis
988 785 1124 834 hanc
1150 782 1303 832 infice
1330 781 1584 830 flammis:
1681 792 1742 825 135

221 871 302 921 Sic
340 885 476 934 opus
513 872 589 920 est
625 870 759 918 vires
795 868 981 917 sentiat
1019 865 1102 915 illa
1127 867 1258 915 tuas.

156 952 381 1011 Dixerat,
419 954 468 1000 et
494 951 684 1014 pariter
708 962 1056 1013 gressumque
1082 946 1262 996 avertit
1288 947 1338 994 et
1375 959 1468 993 ora
1489 962 1498 992 ε

220 1032 343 1081 Non
381 1032 566 1082 oculos
592 1033 795 1094 poterat
831 1030 937 1094 jam
964 1028 1186 1078 tolerare
1224 1029 1412 1075 truces,

158 1114 429 1164 Continuo
467 1114 708 1164 ardentes
733 1112 955 1163 stimulis
981 1111 1102 1160 citat
1129 1110 1213 1158 illa
1238 1108 1434 1165 leones,

221 1196 424 1260 Saepius
459 1200 509 1246 et
546 1196 707 1245 ducto
743 1197 912 1244 versat
939 1195 988 1242 in
1027 1192 1157 1242 orbe
1194 1191 1378 1241 facem.
1686 1199 1751 1229 ιω

157 1280 352 1328 Interea
387 1279 691 1328 humentem
729 1276 898 1326 noctis
932 1274 1182 1324 variantia
1224 1272 1415 1335 pallam

224 1360 493 1423 Hesperus
530 1361 580 1409 in
607 1359 763 1409 rutilo
801 1358 1060 1421 sparserat
1097 1357 1233 1404 astra
1270 1353 1413 1416 polo,

154 1441 361 1491 Albiera
397 1443 448 1491 in
487 1441 684 1504 patrios
709 1441 815 1504 jam
852 1437 1077 1488 candida
1102 1434 1339 1485 membra
1376 1435 1592 1496 penates

221 1523 480 1581 Intulerat,
518 1522 660 1571 molli
699 1520 1108 1582 constiteratque
1146 1520 1295 1565 toro:

148 1603 260 1666 Jam
287 1607 467 1653 tenero
493 1603 758 1667 placidum
795 1600 1025 1664 spirabat
1062 1600 1275 1662 pectore
1312 1609 1577 1652 somnum,
1683 1604 1745 1637 1⁴5

220 1685 374 1734 Venit
410 1684 475 1734 ad
513 1685 791 1735 obstrusos
817 1697 938 1732 cum
975 1681 1089 1730 Dea
1114 1693 1251 1729 saeva
1288 1678 1437 1727 lareS.

156 1766 282 1825 Quo
319 1767 446 1826 Dea,
473 1782 581 1830 quo
607 1764 820 1816 tendis?
857 1777 966 1812 non
993 1766 1042 1811 te
1079 1758 1467 1823 lachrymabilis
1504 1759 1647 1814 aetaS,

221 1849 344 1898 Non
382 1852 430 1898 te
468 1849 637 1898 forma
674 1849 864 1905 movet,
892 1860 1000 1894 non
1039 1843 1229 1907 pudor,
1257 1844 1345 1891 aut
1371 1839 1651 1903 probitas?

158 1930 280 1980 Non
308 1946 372 1980 ne
409 1933 622 1980 movent
648 1929 1033 1992 lachrymaeque
1058 1926 1150 1974 viri
1171 1924 1558 1986 lachrymaeque
1585 1934 1669 1982 pa-

1415 2004 1637 2067 [rentum
1658 2000 1682 2049 P

223 2094 497 2143 Mortalem
536 2095 687 2156 potes
724 2092 788 2141 ah
827 2088 1062 2153 perdere,
1092 2102 1244 2145 saeva,
1284 2086 1479 2135 deam?
1690 2093 1754 2125 150

160 2177 358 2226 Limina
395 2177 714 2240 contigerat3
752 2173 1077 2223 tremuerunt
1114 2171 1306 2228 limina,
1335 2169 1502 2231 pallor

233 2258 411 2308 Infecit
438 2260 631 2320 postes,
669 2259 719 2305 et
756 2254 971 2318 patuere
1008 2252 1165 2302 fores.

160 2343 467 2406 Virgineum
505 2339 632 2401 petit
669 2337 752 2386 illa
789 2339 980 2393 torum,
1008 2332 1318 2396 pavidaeque
1356 2329 1542 2391 puellae

228 2424 444 2472 Pectore
481 2420 546 2468 ab
585 2418 844 2467 obscceno
871 2415 990 2464 talia
1027 2413 1164 2462 dicta
1189 2412 1374 2461 refert:

163 2506 300 2564 Quae
336 2500 594 2566 placidam
622 2499 791 2560 carpis
817 2511 999 2546 secura
1027 2497 1199 2544 mente
1236 2493 1481 2556 quietem,
1690 2498 1749 2531 1⁵5

230 2587 291 2635 Et
327 2584 414 2633 fati
453 2585 502 2631 et
539 2581 693 2630 sortis
729 2579 903 2628 nescia
927 2578 1076 2640 virgo
1115 2579 1233 2633 tuae,

169 2667 423 2718 Nondum
461 2679 597 2714 saeva
634 2677 764 2711 meae
801 2659 1004 2710 sensisti
1044 2658 1257 2706 vulnera
1296 2654 1506 2712 dextrae,

236 2748 374 2807 Quae
410 2746 501 2796 tibi
528 2759 630 2809 ego
667 2747 715 2793 et
753 2756 958 2791 mecum
997 2754 1115 2802 quae
1142 2738 1233 2786 tibi
1272 2737 1376 2786 fata
1401 2736 1599 2798 parant.

169 2831 277 2882 Stat
311 2843 475 2879 vacua
500 2831 588 2878 tua
624 2826 785 2875 Parca
810 2824 944 2882 colO,
984 2821 1234 2870 moritura
1260 2817 1466 2881 puella;

235 2912 315 2961 Ne
340 2924 508 2974 geme,
535 2923 655 2958 cum
683 2906 835 2956 dulce
860 2906 937 2954 est
973 2903 1158 2961 vivere,
1185 2900 1338 2951 dulce
1364 2897 1496 2948 mori
1517 2897 1608 2944 est.
1697 2905 1757 2936 100
