2002 3161
634 136 810 198 [acopo
842 135 1142 186 Sannazaro
1591 135 1682 183 145

90 265 175 315 Nil
212 266 420 315 nostrae
456 275 665 312 movere
703 260 928 323 preces?
962 259 1122 310 verba
1159 259 1298 308 irrita
1334 259 1501 308 ventis

93 347 367 398 Fudimus:
406 347 455 395 et
490 358 649 393 vanas
686 343 918 405 scopulis
955 342 1270 405 impegimus
1307 339 1492 389 undas.
1643 352 1683 384 ιο

91 428 332 491 Adspice,
369 428 555 476 cuncta
591 425 757 483 silent,
796 438 946 473 orcas
982 426 1031 473 et
1075 422 1299 471 maxima
1334 423 1445 470 cete

93 509 322 560 Somnus
358 507 529 565 habet,
568 506 749 555 tacitae
787 504 1039 554 recubant
1076 517 1168 566 per
1204 503 1354 552 litora
1380 501 1597 564 phocae.

92 591 214 640 Non
242 589 462 653 Zephyri
506 587 686 649 strepit
729 601 880 636 aura:
908 599 1072 648 sopor
1101 599 1228 634 suus
1254 582 1470 633 humida
1496 582 1622 631 mul-

1528 664 1626 728 [cet

92 754 363 816 Aequora:
401 751 575 814 sopito
613 750 896 799 connivent
933 747 1104 798 sidera
1140 746 1300 796 caelo.

93 835 247 885 Solus
282 847 383 896 ego
422 832 523 896 (hei
562 830 772 894 misero)
811 830 938 879 dum
965 830 1092 878 tristi
1120 831 1348 891 pectore
1385 829 1602 890 questus
1650 836 1688 869 15

92 916 261 965 Nocte
297 915 442 972 iterO,
480 927 726 963 somnum
764 914 873 961 tota
910 910 974 960 de
1012 912 1184 960 mente
1226 908 1420 972 fugavi,

92 997 203 1046 Nec
238 998 410 1044 tamen
449 994 552 1043 ulla
588 1007 733 1042 meae
769 992 934 1055 tangit
971 994 1020 1041 te
1056 1005 1186 1041 cura
1228 990 1423 1039 salutis.

92 1078 158 1127 At
194 1091 301 1126 non
340 1075 595 1125 Praxinoe
632 1089 714 1123 me
751 1072 1040 1137 quondam,
1078 1087 1186 1121 non
1226 1070 1514 1134 Polybotae

94 1159 217 1208 Pilia
253 1157 501 1220 despexit,
540 1171 647 1206 non
686 1155 857 1205 divitis
894 1168 1029 1204 uxor
1065 1153 1335 1217 Amyntae,

94 1239 348 1298 Quamvis
384 1239 522 1288 culta
558 1238 691 1296 sinu,
730 1236 968 1300 quamvis
1006 1234 1141 1284 foret
1178 1233 1295 1283 alba
1332 1232 1552 1296 papillis.
1646 1244 1691 1276 20

94 1321 237 1381 Quin
275 1321 429 1370 etiam
466 1319 702 1378 Aenaria,
739 1319 780 1367 si
819 1317 1111 1382 quidquam
1149 1314 1332 1375 crediS‚
1374 1314 1439 1364 ab
1479 1315 1579 1364 alta

94 1403 258 1466 Saepe
293 1416 469 1452 vocor.
509 1400 650 1451 Solet
687 1401 800 1463 ipsa
839 1413 982 1449 meas
1019 1397 1231 1447 laudare
1268 1396 1568 1448 Camoenas

94 1487 147 1536 ln
185 1486 364 1548 primis
401 1485 635 1534 formosa
673 1483 862 1547 Hyale:
903 1483 985 1532 cui
1024 1481 1240 1545 sanguis
1278 1479 1436 1530 Iberis

93 1565 280 1617 Clarus
318 1566 450 1614 avis:
488 1565 570 1614 cui
608 1566 685 1613 tot
721 1566 902 1621 terrae,
940 1564 1017 1612 tot
1053 1562 1205 1611 litora
1242 1563 1454 1623 parent:

93 1646 351 1709 Quaeque
386 1646 465 1695 vel
503 1646 554 1694 in
592 1643 776 1694 mediis
812 1644 1120 1706 Neptunum
1159 1643 1354 1691 torreat
1391 1640 1563 1690 undis.
1647 1651 1689 1684 25

93 1727 194 1779 Sed
232 1728 356 1777 mihi
394 1725 521 1790 quid
559 1728 782 1789 prosunt
819 1725 946 1774 haec
984 1724 1179 1782 omnia,
1217 1723 1258 1773 si
1297 1721 1392 1772 tibi
1419 1724 1623 1772 tantum

94 1810 250 1875 (Quis
285 1808 477 1867 credat,
516 1807 790 1870 Galatea'?)
829 1806 921 1856 tibi
959 1806 1000 1855 si
1039 1804 1268 1868 denique
1305 1806 1510 1853 tantum

93 1890 397 1954 Displiceo'?
433 1891 473 1940 si
511 1892 566 1938 tu
604 1891 855 1947 nostram,
893 1886 1133 1946 crudelis,
1172 1900 1390 1936 avenam

93 1973 214 2025 Sola
250 1972 426 2037 fugis?
462 1972 573 2022 sola
609 1974 658 2021 et
695 1973 908 2020 nostros
944 1969 1241 2019 contemnis
1278 1966 1525 2018 amores?

91 2054 282 2105 Ostrea
318 2055 503 2104 Miseni
541 2052 895 2116 pendentibus
932 2054 1080 2102 eruta
1118 2051 1254 2101 saxis
1645 2060 1689 2092 30

94 2136 232 2186 Mille
268 2135 360 2185 tibi
398 2135 539 2184 misi:
578 2133 800 2184 totidem
837 2133 936 2183 sub
974 2132 1185 2196 gurgite
1222 2133 1370 2180 vasto

93 2216 417 2280 Pausilypus,
455 2215 672 2266 totidem
709 2216 883 2264 vitreis
921 2213 1160 2276 Euploea
1196 2212 1295 2262 sub
1334 2210 1492 2261 undis

92 2297 268 2348 Servat
305 2297 491 2346 adhuc.
530 2296 710 2346 Plures
746 2296 900 2345 Nesis
938 2294 1064 2343 mihi
1104 2295 1273 2343 servat
1310 2291 1545 2349 echinos,

91 2379 246 2438 Quos
282 2393 377 2428 nec
412 2393 530 2428 vere
568 2393 708 2428 novo
746 2377 885 2427 foliis
922 2376 1178 2425 lentiscus
1215 2374 1405 2424 amaris

92 2460 272 2519 Inficit‚
310 2462 397 2508 aut
433 2473 625 2508 vacuae
662 2459 880 2508 tenuant
916 2456 1190 2519 dispendia
1229 2456 1420 2504 Lunae.
1645 2463 1687 2497 35

92 2541 361 2590 Praeterea
398 2540 521 2589 mihi
560 2539 658 2589 sub
697 2539 888 2602 pelago
928 2552 1116 2587 manus
1156 2539 1276 2599 apta
1324 2533 1559 2599 legendis

93 2622 406 2672 Muricibus:
445 2620 600 2670 didici
639 2620 824 2684 Tyrios
860 2632 1182 2683 cognoscere
1219 2631 1422 2676 succOS‚

0 2771 1 2789 ¹
92 2702 324 2766 Quoque
360 2701 524 2751 modo
563 2701 716 2763 plena
754 2699 943 2749 durent
979 2697 1253 2761 conchylia
1291 2699 1442 2746 testa.

203 2870 248 2910 V.
280 2871 341 2909 21.
371 2869 589 2908 Aenaria:
617 2879 693 2907 ora
722 2867 870 2908 Ischia.

189 3012 242 3045 10.
267 3028 310 3035 -
334 3008 505 3046 Classici
528 3008 779 3053 Italianl,3N.
804 3009 838 3044 2.
