2002 3161
276 130 335 180 10
708 128 858 180 Poeta·
892 130 1139 180 amanisti
1172 131 1431 196 maggiori

273 255 476 315 Sidera3
516 256 728 319 quique,
768 257 891 306 mihi
931 257 1088 307 divini
1127 260 1355 321 pectoris
1393 260 1574 319 haeres,
1797 277 1859 309 130

272 340 469 388 Enthea
507 339 722 387 cumaeis
760 339 996 402 incingas
1033 343 1273 403 tempora
1307 342 1470 391 vittis!

269 419 463 468 Verum
480 434 576 482 age
590 419 694 482 jam
711 434 722 476 ;
737 418 1051 482 gelidosque
1067 422 1246 483 tegant
1263 421 1568 471 umbracula
1583 422 1789 482 fonteis,

271 502 331 550 Et
368 500 504 550 toliis
542 500 839 549 cumuletur
875 500 1085 559 humus,
1124 501 1379 565 densique
1418 504 1660 566 maniplis

272 582 527 644 Inspirent
566 581 740 640 tlores,
776 595 1053 644 vacuoque
1091 582 1252 631 incisa
1289 583 1569 645 sepulchro

271 662 513 713 Candida
549 662 845 712 formosum
884 664 1101 711 testetur
1139 663 1305 712 littera
1342 663 1608 726 Daphnin,
1797 678 1858 710 135

271 744 518 807 Daphnin
557 743 622 792 ad
661 746 798 792 astra
833 746 985 792 vocet
1023 746 1204 793 tenero
1231 759 1357 793 cava
1383 744 1557 794 fistula
1585 750 1756 795 cantu.

271 826 457 874 Ebrius
494 825 687 873 interea
725 825 888 874 nostri
928 825 1154 873 nutritor
1191 825 1356 874 Iacchi

272 907 475 956 Siienus
513 906 655 955 molli
694 905 889 954 dormit
926 907 1208 968 resupinus
1246 906 1296 954 in
1336 909 1503 966 antm,

271 989 457 1038 Ebrius
493 991 542 1037 et
580 988 741 1036 nimio
778 1001 938 1036 venas
975 988 1290 1037 tumefactus
1329 988 1569 1037 alumno:

272 1071 523 1120 Securum
561 1069 708 1132 pueri
746 1068 973 1119 audaces
1009 1072 1165 1132 atque
1203 1069 1444 1132 improba
1482 1071 1593 1119 nais
1798 1083 1860 1114 140

273 1150 528 1200 Invadunt
563 1150 756 1209 furtim,
796 1149 967 1213 deque
1005 1150 1130 1212 ipsis
1165 1150 1333 1199 vincla
1369 1151 1595 1208 coroniS‚

272 1233 408 1290 Quae
446 1233 584 1282 senis
623 1247 649 1280 e
690 1231 875 1281 mutilo
915 1231 1078 1281 modo
1115 1232 1306 1281 vertice
1345 1231 1692 1291 defluxerunt,

273 1315 513 1378 lnjiciunt
549 1314 759 1372 alacres,
797 1314 1163 1377 promissaque
1200 1314 1431 1363 carmina
1467 1317 1710 1376 poscunt,

272 1395 520 1446 Carmina
557 1410 675 1444 cum
714 1395 868 1458 sylvis
906 1397 1048 1444 totos
1086 1395 1367 1444 mulcentia
1405 1396 1644 1444 monteiS.

266 1478 485 1540 Jamque
522 1477 639 1535 tuiS,
680 1477 854 1535 Minci,
893 1476 1079 1539 glauca
1116 1476 1214 1525 sub
1253 1475 1509 1525 arundine
1546 1477 1671 1539 ripis
1800 1489 1860 1520 143

272 1558 509 1607 Vincitur
545 1558 744 1606 alterno
783 1556 1084 1620 Corydonis
1120 1558 1348 1606 carmine
1387 1557 1615 1620 Thyrsis.

266 1639 378 1702 Jam
415 1639 601 1701 repetit
638 1638 910 1701 querulam
949 1638 1207 1687 Damonis
1244 1637 1369 1687 tibia
1406 1653 1627 1696 musam,

275 1720 532 1769 Damonis
570 1734 772 1768 musam
812 1719 1015 1781 scopuli
1056 1719 1319 1782 pinusque
1356 1719 1661 1782 loquuntur.

275 1801 376 1851 Sed
403 1800 546 1864 quid,
574 1802 641 1858 io,
663 1804 766 1849 tam
796 1800 948 1849 dulce
970 1800 1062 1848 tibi
1083 1804 1175 1858 est,
1200 1799 1433 1858 Galatea,
1461 1800 1559 1849 sub
1588 1800 1760 1858 undis,

275 1881 450 1940 Quam
488 1882 723 1931 formosa
760 1884 911 1930 vocet
950 1882 1302 1944 nequicquam
1343 1880 1408 1929 ad
1446 1881 1618 1930 littora
1655 1896 1735 1944 cy-

1525 1962 1729 2026 [clops?
1798 1974 1860 2005 150

276 2044 453 2093 Infelix
490 2043 735 2107 cyclops!
777 2043 878 2093 Sed
916 2044 1054 2092 enim
1093 2043 1348 2092 infelicior
1385 2043 1472 2092 illo

278 2125 463 2175 Gallus
483 2128 636 2184 arnat,
658 2125 998 2188 queriturque
1018 2138 1166 2173 suam
1189 2124 1373 2187 procul
1395 2138 1507 2174 esse
1531 2125 1774 2187 Lycorin:

276 2205 480 2265 Gallus,
520 2221 677 2269 quem
716 2204 900 2268 rigidae
937 2205 1126 2254 flevere
1164 2206 1213 2254 in
1254 2205 1524 2255 montibus
1564 2206 1707 2262 orni;

276 2286 447 2351 Cujus
485 2301 719 2336 amorem
757 2301 943 2336 omnes
981 2289 1252 2349 nequeunt
1289 2290 1491 2336 mutare
1527 2286 1760 2344 labores;

278 2368 478 2428 GalluS‚
516 2384 673 2432 quem
711 2368 903 2418 frustra
938 2368 1110 2417 verbis
1148 2368 1347 2418 solatus
1384 2368 1575 2430 Apollo
1614 2370 1705 2417 est.
1799 2380 1862 2412 155

279 2450 407 2498 Haec
445 2453 522 2499 sat
559 2450 652 2498 erit
690 2450 847 2500 simas
886 2450 1017 2498 inter
1054 2450 1303 2499 cecinisse
1341 2448 1565 2512 capellas

278 2530 563 2580 Pastorem.
604 2531 684 2580 Tu
720 2531 985 2580 victricem
1022 2530 1115 2589 fer,
1155 2531 1386 2588 Mantua,
1426 2530 1671 2592 palmam.

348 2630 370 2655 «
394 2612 526 2661 Ecce
561 2612 800 2661 lacertosi
839 2615 1082 2675 quaerunt
1120 2626 1255 2661 nova
1292 2611 1446 2660 turba
1482 2611 1671 2669 coloni,

386 2736 457 2776 Vv.
489 2739 673 2778 158-198.
708 2738 946 2786 Georgica:
973 2737 1012 2775 la
1050 2736 1328 2775 coltivazione
1366 2736 1431 2774 de'
1464 2735 1600 2784 campi
1638 2735 1728 2784 (lib.
1769 2735 1801 2784 l)
1839 2746 1861 2773 e

277 2804 392 2853 degli
422 2803 551 2842 alberi
584 2804 672 2852 (lib.
706 2806 778 2853 II);
809 2804 849 2842 la
877 2815 977 2842 cura
1007 2803 1072 2841 del
1103 2803 1307 2841 bestiame
1345 2802 1436 2852 (lib.
1476 2802 1544 2850 ΙΙΙ)
1582 2813 1603 2839 e
1642 2801 1749 2839 delle
1791 2802 1859 2850 api

277 2869 367 2919 (lib.
401 2870 484 2921 IV).
