2002 3161
628 194 828 258 Angelo
865 194 1138 243 Poliziatzo
1618 194 1682 243 69

90 323 462 386 Contemplere
500 321 692 370 domos
729 322 885 383 atque
923 319 1249 368 obluctantia
1287 318 1415 367 caelo

92 405 316 469 Sydera:
355 418 473 468 quae
510 417 760 466 magnum
786 402 862 450 vis
898 403 1040 450 tanta
1078 400 1394 464 Hyperionis
1433 398 1614 448 orbem

92 487 373 549 Torqueat,
409 484 711 533 exhaustam
748 484 951 544 reparet
987 495 1095 544 quo
1132 480 1277 529 fonte
1314 494 1566 538 sororem,

91 567 285 617 Ausam
322 565 559 615 fraternis
596 563 820 613 mediam
858 578 913 612 se
950 577 1222 625 opponere
1259 561 1484 610 flammis

92 650 151 697 Et
187 648 371 698 subitis
405 647 598 696 violare
635 645 773 694 diem
811 645 1088 707 lucemque
1115 642 1370 699 tenebris;
1618 655 1680 686 525

90 730 318 781 Conscia
352 729 580 778 fatorum
619 742 739 776 cum
779 741 927 775 mens
954 726 1257 775 animaverit
1295 728 1460 781 astra;

91 812 246 863 Unde
283 814 467 860 tremat
503 810 668 868 tellus,
707 808 946 857 trifidane
985 808 1211 870 impulsa
1248 806 1449 856 laboret

90 892 326 956 Cuspide
363 892 613 954 Neptuni,
651 891 803 939 caecis
840 905 904 938 an
944 892 1089 953 terga
1127 888 1360 938 cavernis

91 974 293 1024 Subdat
318 976 465 1022 atrox
503 973 696 1022 Boreas
734 974 973 1021 nostrum
1011 973 1293 1033 erupturus
1320 970 1368 1018 in
1409 969 1618 1019 orbem:

88 1058 378 1106 Ventorum
417 1070 558 1104 nunc
584 1055 665 1104 ille
700 1055 838 1103 vices
876 1068 1018 1102 nunc
1054 1053 1286 1102 fulminis
1313 1054 1459 1101 ortus
1618 1065 1681 1096 530

89 1139 348 1188 Monstrat
384 1139 433 1186 et
469 1136 605 1186 elisis
632 1136 946 1198 crepitantes
973 1134 1206 1184 nubibus
1232 1148 1414 1191 auras;

89 1217 306 1280 Curque
341 1218 500 1265 ruunt
537 1214 746 1273 imbreS‚
782 1213 988 1264 subitus
1025 1227 1118 1262 cur
1142 1212 1339 1261 lumina
1375 1212 1550 1276 fulgor

90 1300 172 1350 Sic
206 1299 323 1349 ferit
359 1300 416 1347 ut
452 1296 684 1347 medium
722 1295 904 1345 credas
941 1293 1234 1344 discindere
1271 1293 1490 1343 coelum:

89 1382 212 1431 Esse
238 1379 412 1439 deum,
433 1381 660 1428 mentem
680 1378 1006 1435 immensam,
1027 1390 1308 1439 rerumque
1329 1377 1614 1437 potentem,

89 1463 401 1526 Cunctaque
426 1461 776 1523 complexum,
815 1458 983 1509 stabili
1023 1458 1110 1522 qui
1149 1457 1264 1520 lege
1300 1457 1560 1521 gubernet
1618 1468 1681 1500 535

88 1545 341 1594 Naturam
379 1542 671 1605 mundique
706 1542 860 1599 vices,
899 1540 987 1603 qui
1025 1540 1130 1588 fata
1166 1539 1351 1589 solutis

90 1626 349 1690 Subjuget
385 1624 625 1682 arbitriis,
662 1623 751 1687 qui
789 1624 1043 1684 temperet
1079 1621 1257 1670 omnia
1293 1619 1464 1676 solus;

91 1708 213 1758 Esse
250 1707 454 1756 animos
491 1705 574 1754 leti
612 1706 844 1753 exsortes
881 1702 972 1752 sed
1011 1715 1236 1764 corpore
1260 1700 1433 1750 claudi

90 1789 203 1840 Ceu
242 1787 462 1845 tumulO,
500 1800 637 1849 quos
673 1785 724 1833 in
760 1784 927 1833 varias
964 1786 1137 1832 tamen
1177 1783 1248 1831 ire
1285 1782 1483 1846 figuras

92 1871 210 1920 Hoc
247 1869 473 1918 dictante
510 1867 665 1916 docet
701 1866 869 1915 tacitae
906 1864 1013 1914 dux
1049 1864 1130 1914 ille
1167 1864 1415 1922 cohortis,
1620 1875 1683 1906 540

90 1952 224 2001 Ante
250 1953 397 2000 ortus
422 1963 624 1998 memor
649 1962 819 2012 usque
846 1947 924 1997 sui
951 1946 1157 2010 sibique
1182 1946 1292 2008 ipse
1319 1947 1582 2007 superstes
1606 1963 1613 1992 :

91 2032 234 2091 Quin
271 2034 321 2081 et
357 2030 606 2094 praecelsa
641 2030 896 2078 rationem
935 2028 1067 2078 sistit
1103 2028 1153 2076 in
1192 2041 1307 2076 arce

91 2113 203 2164 Ceu
241 2113 528 2171 dominam,
565 2112 734 2161 tristes
771 2111 821 2159 in
860 2112 1072 2173 pectore
1109 2108 1335 2157 concitat
1363 2108 1475 2166 iras,

89 2196 301 2245 Viscera
337 2193 582 2257 degeneri
621 2192 867 2241 damnata
903 2189 1150 2254 cupidine
1188 2204 1400 2252 passus;

91 2277 202 2326 Nec
228 2278 361 2325 tacet
386 2274 527 2325 unde
553 2289 693 2338 aeger
718 2273 912 2323 cruciat
949 2271 1117 2330 dolor,
1145 2269 1286 2320 unde
1313 2270 1556 2319 rebellem
1619 2280 1682 2311 545

92 2359 131 2407 lt
167 2358 314 2407 furor
351 2357 402 2406 in
428 2356 642 2415 rabiem,
681 2369 774 2404 cur
810 2354 1002 2417 pallent
1039 2367 1130 2401 ora
1167 2353 1442 2401 timentum

93 2438 284 2489 Genua
304 2440 533 2487 tremunt
553 2439 690 2487 stant
711 2435 872 2485 corda
892 2435 1013 2498 gelu
1042 2436 1179 2483 stant
1203 2433 1392 2482 vertice
1420 2432 1614 2481 crines:

92 2521 229 2579 Quae
265 2520 455 2570 summi
493 2519 556 2569 sit
592 2520 730 2567 meta
766 2517 910 2575 boni,
936 2530 1119 2580 quaeve
1157 2514 1326 2564 orbita
1351 2517 1549 2562 rectum

93 2602 272 2665 Signet
309 2601 417 2660 iter,
455 2615 562 2664 quo
601 2614 656 2649 se
692 2597 984 2648 confundat
1022 2596 1203 2646 devius
1239 2610 1398 2654 error,

93 2682 242 2740 Quot
275 2682 438 2731 virtus
473 2681 601 2730 fluat
628 2680 677 2728 in
705 2680 859 2737 rivos,
898 2693 1005 2742 quo
1032 2676 1241 2727 cardine
1278 2677 1559 2725 honestum
1620 2688 1682 2719 550

91 2764 348 2823 Vertatur‚
385 2763 544 2812 rebus
580 2763 837 2826 quantum
877 2761 1107 2809 Fortuna
1144 2757 1356 2808 caducis

93 2845 288 2904 Praesit,
325 2847 381 2894 ut
417 2845 680 2893 humanos
716 2842 899 2891 toleret
936 2855 1084 2890 mens
1121 2839 1283 2889 cruda
1309 2839 1590 2888 tumultus:

94 2925 231 2985 Quae
268 2926 405 2976 cives
441 2939 686 2976 mensura
723 2925 939 2986 premat,
978 2937 1085 2985 quo
1123 2920 1315 2971 robore
1341 2921 1482 2985 leges
