2002 3161
312 197 409 246 280
742 194 896 244 Paeti
930 198 1177 247 amanisti
1210 203 1471 266 maggiori

444 316 594 370 Paret
629 315 804 368 edicto
839 319 1126 384 superique
1160 325 1211 373 et
1246 325 1421 376 omnis
1863 342 1903 376 ιε

575 398 719 450 Grex
754 399 1109 461 animantum;

440 480 559 530 Hoc
596 481 708 531 sine
745 483 795 530 et
832 482 950 531 coeli
988 485 1156 534 status
1192 487 1242 535 et
1278 484 1499 536 deorum

438 562 543 612 Pax
578 565 708 622 ruet,
747 566 881 612 terra
918 563 1020 613 hoc
1056 566 1183 625 sine,
1222 571 1434 630 pontus,
1472 584 1559 619 aer

439 643 499 692 Et
536 642 857 693 laborabunt
894 643 1021 694 odio
1058 648 1108 695 et
1144 651 1329 711 suapte

567 724 707 774 Mole
745 723 1030 774 dehiscent.
1856 748 1899 779 20

433 805 658 855 Urbium
696 808 876 855 custos
913 806 1091 868 Amor,
1130 811 1477 875 omniumque

434 886 687 937 Gentium
725 891 910 947 rector,
950 890 1277 954 placidaeque
1315 894 1458 955 pacis

432 967 629 1018 Auctor
664 972 714 1018 et
751 969 893 1033 leges
931 970 1249 1032 moderatur,
1288 989 1445 1038 aequo
1483 979 1533 1025 et

565 1050 678 1099 Iure
714 1050 990 1114 gubernat.

435 1131 607 1181 Huius
643 1134 693 1181 et
731 1133 875 1181 iussu
914 1148 1080 1197 segeS‚
1121 1134 1277 1185 huius
1315 1137 1472 1187 arbor
1849 1154 1891 1185 25

427 1211 599 1262 Induit
633 1213 836 1273 florem,
875 1217 1112 1265 statuunt
1147 1217 1390 1268 volucres

424 1293 639 1354 Nidum,
676 1298 726 1344 et
762 1296 813 1344 in
853 1296 1055 1358 prolem
1093 1297 1328 1359 pecudes
1366 1300 1599 1364 feraeque

558 1374 758 1437 Sponte
793 1375 1064 1435 feruntur;

425 1456 543 1506 Hoc
582 1456 716 1507 duce
753 1460 803 1507 et
838 1458 988 1522 virgo
1028 1461 1265 1522 sequitur
1301 1463 1563 1523 maritum,

425 1537 485 1586 Et
521 1537 684 1588 domo
721 1541 771 1588 et
807 1540 984 1589 matris
1020 1542 1223 1604 gremio
1262 1543 1478 1602 relictis;
1844 1559 1885 1589 30

424 1619 537 1669 Hac
573 1634 676 1683 ope
713 1621 1005 1670 humanum
1042 1637 1213 1686 genus
1251 1628 1301 1673 et
1338 1640 1582 1691 propago

555 1700 763 1751 Cuncta
800 1706 1117 1765 perennat».

424 1781 610 1842 Huius,
649 1797 681 1832 o
719 1783 876 1834 huius
913 1785 1037 1833 mihi
1078 1786 1199 1835 mite
1237 1802 1449 1848 numen,

418 1863 542 1913 Mite
580 1865 643 1913 sit
680 1880 920 1928 regnum,
960 1866 1072 1926 dea,
1113 1868 1177 1916 sit
1215 1868 1510 1933 benignum

421 1942 607 2003 Sidus;
646 1960 679 1994 o
716 1947 845 1995 assis
882 1947 1045 1996 facilis
1083 1951 1329 2009 precanti,
1843 1964 1885 1995 35

554 2025 675 2076 Dux
710 2026 852 2077 bone
890 2032 1177 2079 amantum.

363 2328 812 2381 PATULCIDEM
851 2332 936 2381 ΕΤ
975 2331 1422 2383 ΑΝΤΙΝΙΑΝΑΜ
1459 2335 1795 2386 ΝΥΜΡΗΑὸ

827 2427 1325 2486 ALLOQUITUR.*

1021 2538 1125 2588 (ιν.)

414 2616 564 2667 Colle
601 2618 666 2667 de
702 2633 912 2668 summo
951 2634 1338 2684 nemorumque
1376 2622 1441 2671 ab
1479 2623 1681 2673 umbris

414 2698 488 2748 Te
523 2713 659 2749 voco
696 2700 761 2749 ad
800 2701 920 2750 litus
957 2701 1238 2763 placidum,
1278 2702 1492 2763 Patulci,

381 2865 398 2882 ⁸
428 2865 586 2906 Patulci
616 2879 639 2907 e
665 2867 907 2916 Antiniana,
939 2868 1322 2919 personificazione
1349 2872 1389 2911 la
1417 2872 1604 2911 seconda
1624 2872 1736 2911 della
1765 2872 1864 2911 villa

278 2927 344 2967 del
377 2932 517 2978 poeta,
548 2942 657 2971 sono
685 2932 805 2972 ninfe
832 2933 859 2972 il
890 2934 955 2973 cui
986 2945 1112 2973 nome
1142 2934 1299 2975 ricorre
1327 2936 1369 2975 in
1400 2937 1605 2987 Lepidina
1635 2949 1657 2977 e
1685 2937 1860 2977 altrove.
