2002 3161
333 222 431 272 230
764 215 915 265 Poeti
949 213 1197 264 amanisti
1231 211 1490 277 maggiori

465 344 567 393 Det
603 355 776 405 super,
814 343 863 389 et
899 339 1084 389 mediis
1121 338 1272 389 tellus
1310 338 1586 386 internatet
1624 335 1796 395 undis,

466 426 589 475 Non
628 437 761 473 uxor
798 421 923 471 mihi
961 435 1080 471 cara
1117 419 1279 479 domi,
1317 434 1438 483 quae
1464 418 1667 468 sarcula
1694 420 1854 477 curet,

464 507 588 556 Non
609 505 795 554 falcem
818 518 938 566 quae
957 504 1112 551 acuat
1138 502 1294 550 messi
1323 500 1586 563 lignisque
1612 499 1856 558 securim,

465 588 588 637 Non
627 586 769 635 socia
804 586 1074 648 gratorum
1113 596 1335 645 operum
1363 595 1692 644 consorsque
1717 580 1857 629 labo-

1705 662 1856 725 [rum,

465 750 604 809 Non,
631 749 750 807 heu,
777 761 896 811 quae
922 745 1125 795 detecta
1150 745 1288 794 senis
1316 744 1451 792 locet
1478 757 1598 792 ossa
1624 742 1798 803 cubili,
1863 753 1920 789 175

465 829 711 880 Cantanti
749 843 857 877 non
895 842 1013 891 quae
1041 839 1291 875 numeros
1316 827 1365 874 et
1390 823 1549 873 verba
1587 824 1856 883 ministret,

465 910 764 960 Pulsantem
803 923 910 957 non
949 922 1068 971 quae
1106 906 1281 970 digitis
1318 906 1456 954 iuvet
1493 907 1543 953 et
1580 905 1720 953 iuvet
1745 919 1852 964 ore,

463 990 586 1040 Non
625 990 810 1039 oculos
849 1003 967 1052 quae
1004 987 1211 1037 claudat
1248 999 1430 1036 amans
1469 984 1741 1048 donetque
1780 1000 1857 1034 ca-

1705 1066 1857 1130 [pillis

466 1153 759 1201 Extinctum
786 1153 836 1199 et
872 1149 1095 1199 lacrimis
1121 1148 1333 1197 decoret
1359 1145 1655 1197 miseranda
1691 1147 1859 1209 sepul-

1711 1228 1855 1292 [tum,

464 1314 603 1373 Quae
640 1327 843 1362 memor
879 1314 1241 1374 aeternumque
1276 1310 1404 1369 vale,
1432 1310 1544 1359 vale
1581 1308 1646 1358 ad
1685 1309 1856 1359 hostia

1600 1390 1772 1455 [dicat.
1798 1411 1820 1436 »
1864 1403 1923 1435 180

531 1477 660 1525 Haec
697 1476 958 1533 Meliseus,
995 1477 1044 1523 et
1081 1476 1232 1523 antro
1271 1487 1384 1522 sese
1421 1471 1602 1522 condit
1640 1486 1838 1534 opac03

466 1559 538 1607 Ex
575 1558 662 1606 illo
700 1557 837 1615 latet,
874 1558 923 1605 et
960 1570 1084 1605 cura
1121 1554 1342 1604 tabescit
1378 1557 1428 1603 et
1465 1554 1632 1603 annis.

467 1640 662 1689 Forsan
688 1641 738 1687 et
763 1638 890 1700 ipsa,
930 1636 1188 1694 Faburne,
1217 1634 1328 1685 dies
1354 1634 1613 1684 solabitur
1638 1648 1856 1697 aegrum,

467 1721 807 1782 Mitescetque
845 1718 1058 1776 malum,
1097 1731 1193 1766 nec
1231 1719 1374 1766 tanta
1411 1716 1613 1765 silentia
1649 1715 1854 1764 frustra.

468 1802 651 1864 Nuper
670 1800 736 1850 ad
755 1803 1054 1858 extremam,
1083 1798 1287 1848 foribus
1308 1813 1427 1861 quae
1448 1798 1701 1860 proxima,
1729 1811 1858 1860 myr-

1692 1877 1819 1941 [tum
1859 1887 1923 1920 185

467 1964 589 2012 Non
628 1977 871 2025 expressa
907 1960 1121 2025 quidem
1160 1963 1334 2009 tamen
1373 1962 1450 2009 est
1486 1975 1587 2009 vox
1624 1958 1851 2008 reddita:

1618 2041 1662 2105 [«
1687 2040 1853 2098 Lauri,

469 2125 586 2173 Este
622 2125 721 2173 mei
759 2137 1046 2180 memores;
1084 2122 1392 2185 fontemque
1430 2121 1659 2170 inducite
1684 2121 1856 2179 lauriS,

467 2205 694 2255 Naiades
716 2205 839 2253 mihi
862 2205 1030 2262 cultae,
1052 2206 1101 2252 et
1122 2203 1285 2252 solem
1308 2205 1477 2251 arcete
1498 2201 1804 2265 hyacinthis,
1830 2221 1852 2245 »

334 2287 424 2335 Fa.
463 2286 645 2356 Nuper
681 2288 730 2334 et
767 2285 831 2334 ad
868 2287 1071 2334 veteres
1109 2284 1300 2342 citriOS,
1339 2282 1465 2332 dum
1505 2282 1688 2332 tondet
1736 2296 1852 2331 ane-

1690 2362 1855 2426 [thum

470 2447 629 2505 Uxor,
669 2450 717 2495 et
755 2448 864 2508 ipse
913 2445 1065 2495 simul
1117 2447 1343 2494 mentam
1395 2447 1550 2507 atque
1598 2443 1856 2493 sisimbria

1612 2525 1818 2587 margo,
1858 2534 1923 2566 1⁹0

472 2608 829 2671 Suspirantem
851 2608 992 2656 illum
1015 2610 1063 2656 et
1083 2606 1300 2670 querula
1320 2621 1439 2655 cum
1455 2620 1583 2655 voce
1603 2605 1854 2655 ferentem

471 2692 652 2740 Intenti
691 2691 1002 2752 accipimus:
1050 2690 1340 2752 «Longum
1391 2703 1423 2737 o
1473 2688 1678 2746 defleta,
1727 2685 1854 2750 quid
2000 2752 2002 2754 Ι

1649 2768 1854 2832 [umbra
1997 2765 2002 2828 ξ

471 2853 579 2901 Nec
607 2854 728 2901 mihi
758 2856 911 2902 nocte
939 2853 1096 2909 venis,
1137 2866 1230 2900 nec
1269 2852 1432 2900 amica
1470 2849 1699 2898 occurris
1738 2850 1857 2899 ima-

1677 2931 1850 2994 [g0?»
