2002 3161
594 174 854 224 Olovantzi
887 174 1122 223 Pontano
1562 175 1652 224 193

195 303 396 366 Pompa
431 302 570 352 venit
607 299 944 363 celebresque
982 301 1173 349 vocant
1211 298 1543 362 Hymenaeon

1301 378 1385 442 [ad
1424 378 1579 429 aedes.

639 578 838 619 POMPA
869 578 1057 622 PRIMA.

130 680 278 719 Mares
305 691 355 718 ac
377 679 573 728 soeminoe
600 690 621 717 e
648 689 750 717 rure
774 677 1098 727 proficiscentes
1125 676 1311 715 alternis
1338 676 1576 716 concinunt.

60 778 159 828 Foe.
198 777 395 840 Sperne
433 779 548 825 tuas
585 776 766 825 salices
804 777 852 823 et
890 776 1060 837 myrto
1099 776 1338 835 tempora
1374 773 1544 836 cinge,

193 858 388 908 Desere
425 860 604 920 saepta,
642 871 788 919 puer,
827 869 1040 918 nanque
1078 854 1205 903 urbs
1242 856 1331 903 tua
1367 852 1563 917 gaudia

1380 935 1584 999 [servat.

58 1022 197 1070 Mar.
217 1019 362 1069 Pone
399 1021 520 1068 tuos
557 1017 739 1077 fastus,
781 1017 959 1066 faciles
996 1019 1155 1080 atque
1193 1015 1353 1065 indue
1391 1030 1581 1074 mores,

191 1100 538 1163 Parthenope,
575 1102 625 1148 et
662 1098 790 1162 quid
827 1112 993 1157 amor,
1032 1096 1159 1161 quid
1187 1097 1289 1147 sint
1315 1096 1583 1146 connubia

1419 1177 1577 1240 [cura.

57 1262 156 1312 Foe.
194 1262 364 1321 Disce,
404 1275 549 1324 puer,
576 1259 807 1309 thalamo
834 1259 982 1308 lusus
1008 1261 1059 1307 et
1085 1258 1314 1321 coniuge
1341 1257 1562 1321 dignos;
1630 1271 1649 1302 5

191 1344 359 1393 Lusus
396 1344 534 1392 amat
569 1341 829 1390 thalamos
866 1343 915 1390 et
956 1342 1134 1390 amant
1170 1355 1265 1389 sua
1291 1339 1491 1389 ludicra
1516 1340 1581 1389 le-

1402 1420 1579 1484 [ctum.

57 1506 196 1555 Mar.
218 1504 391 1563 Parce,
430 1503 617 1566 puella,
654 1503 765 1551 viro
804 1502 1023 1550 nimium
1062 1514 1301 1564 pugnare
1337 1500 1558 1558 volenti;

193 1586 275 1635 Lis
311 1584 550 1634 thalamis
587 1583 753 1632 aliena
789 1578 838 1632 et
875 1581 1073 1631 habent
1099 1596 1194 1631 sua
1220 1580 1423 1630 foedera
1449 1581 1581 1630 lecti.

57 1667 155 1717 Foe.
194 1666 281 1716 Est
319 1666 480 1730 nigris
516 1679 654 1714 nova
691 1666 855 1726 nupta
881 1663 1065 1720 oculiS‚
1092 1665 1168 1712 est
1195 1663 1345 1726 nigra
1368 1663 1580 1726 capilliS,

190 1747 359 1811 Spirat
396 1746 644 1796 acidalios
681 1748 730 1795 et
766 1747 880 1794 toto
919 1759 1144 1806 corpore
1180 1743 1358 1802 flores,
1610 1756 1649 1787 10

56 1830 195 1879 Mar.
217 1829 277 1878 Et
313 1843 467 1878 roseo
505 1828 705 1877 iuvenis
742 1841 835 1876 ore
871 1829 949 1876 est
987 1826 1260 1889 roseisque
1298 1825 1514 1884 labelliS‚

190 1910 354 1961 Stillat
390 1908 666 1959 acidalium
704 1922 859 1957 roseo
896 1910 946 1956 et
983 1907 1048 1956 de
1085 1909 1298 1969 pectore
1324 1921 1513 1955 rorem.

56 1992 155 2042 Foe.
193 1993 447 2041 Intactum
483 1991 669 2040 florem
708 1992 1018 2052 maturaque
1055 2003 1216 2051 poma
1252 1988 1446 2051 legenti

0 2131 1 2134 Ἴ
191 2072 368 2124 Servat
405 2074 455 2121 in
495 2071 714 2122 occultis
749 2071 899 2134 virgo
938 2070 1039 2119 iam
1078 2069 1271 2118 nubilis
1309 2069 1488 2118 hortis.

0 2153 1 2207 ἰ
56 2154 196 2203 Mar.
217 2153 381 2203 Poma
406 2167 565 2202 manu
594 2155 796 2201 matura
821 2152 957 2215 leget
983 2150 1277 2213 floremque
1298 2152 1559 2198 recentem
1606 2161 1643 2192 15

0 2227 1 2232 ¹
191 2235 325 2288 Rore
362 2249 503 2284 novo
541 2234 755 2293 iuveniS,
795 2236 972 2282 tenera
1009 2231 1258 2280 mulcebit
1296 2233 1345 2279 et
1382 2245 1523 2279 aura.

57 2317 157 2367 Foe.
195 2317 410 2370 Rivulus
447 2331 474 2366 e
511 2317 653 2366 tenui
692 2318 869 2364 manat
905 2314 1034 2372 tofo,
1073 2313 1173 2362 exit
1211 2314 1260 2361 in
1300 2327 1509 2362 amnem

193 2398 445 2447 Paulatim
482 2401 532 2447 et
567 2397 692 2460 ripis
729 2410 968 2446 crescens
1005 2395 1232 2444 decurrit
1270 2394 1476 2456 apertiS.

57 2480 196 2527 Mar.
218 2478 290 2527 Ex
327 2479 463 2528 oculi
500 2478 691 2528 leviore
728 2478 831 2526 ictu
869 2476 990 2525 fons
1026 2476 1181 2525 stillat
1218 2475 1428 2532 amoris,

191 2558 445 2608 Paulatim
483 2573 665 2608 amnes
701 2558 1031 2607 lacrimarum
1059 2560 1108 2605 et
1134 2556 1353 2604 flumina
1377 2555 1551 2604 volvit.
1602 2569 1645 2599 20

58 2639 157 2688 Foe.
197 2639 396 2689 Fomite
433 2639 498 2688 de
534 2653 696 2702 parvo
734 2638 904 2687 tenuis
941 2638 1168 2699 primum
1206 2635 1370 2685 exsilit
1408 2635 1560 2699 igniS,

191 2721 316 2770 Mox
352 2723 536 2770 auctus
571 2722 740 2769 versat
776 2719 890 2768 latis
928 2718 1168 2768 incendia
1205 2717 1358 2766 silvis,

58 2802 197 2851 Mar.
218 2802 439 2866 lgnescit
475 2801 616 2850 tenui
655 2799 834 2849 afflatu
873 2800 957 2848 fax
993 2799 1124 2848 lenis
1160 2813 1418 2856 amorum,

191 2881 328 2931 Hinc
364 2883 576 2930 incensa
612 2880 733 2929 furit
769 2880 913 2929 venis
951 2883 999 2928 et
1039 2882 1251 2942 pectora
1289 2881 1463 2928 torret.

154 2993 205 3026 13.
231 3010 272 3016 —
301 2990 468 3026 Classici
492 2990 667 3034 statiani,
693 2991 740 3026 N.
766 2993 798 3025 2.
