2002 3161
364 167 460 216 246
791 164 941 214 Poeti
974 168 1222 217 umarzc‘sti
1255 172 1514 237 maggiori

462 291 588 341 Mox
624 303 792 353 prona
828 289 975 340 nudo
1014 290 1208 342 decidit
1243 298 1518 348 cacumine

529 372 825 436 Honorque
861 375 966 421 tam
1005 373 1178 424 brevis
1215 378 1364 438 perit.

463 452 545 503 Sic
580 453 751 502 forma
787 454 968 516 primis
1005 454 1158 505 floret
1194 458 1372 517 annis;
1411 459 1662 511 indecens

528 533 630 583 Ubi
670 537 910 583 senectus
947 534 1172 594 advenit,

458 615 576 664 Heu
615 616 827 678 languet
863 617 968 664 oris
1005 618 1145 665 aurei
1184 618 1353 668 nitens
1391 621 1552 679 color,
1911 636 1951 668 ιε

525 695 689 754 Quod
727 710 858 759 ruga
895 697 1061 758 turpis
1098 702 1289 758 exarat,

459 776 595 826 Perit
630 791 904 826 comarum
941 777 1136 840 fulgor,
1174 782 1224 829 et
1261 780 1450 832 frontis
1487 782 1664 842 decuS‚

524 857 829 921 Dentesque
867 858 1059 907 flavent
1095 860 1322 921 candidi,

456 937 643 988 Pectus
680 939 886 1001 papillis
924 940 1260 990 invenustum
1300 943 1564 1008 languidis

521 1020 676 1071 Sinus
713 1021 965 1072 recondet
1002 1023 1268 1085 sordidus,
1906 1043 1950 1076 20

454 1102 620 1162 Quod
658 1119 801 1153 nunc
838 1103 989 1153 heois
1028 1105 1261 1156 lucidum
1300 1111 1524 1172 gemmis
1561 1111 1688 1161 nitet

519 1184 823 1247 Tenuisque
859 1185 1015 1235 vestit
1052 1186 1225 1237 fascia.

460 1265 645 1316 Nullas
681 1267 905 1316 amantis
941 1267 1123 1318 audies
1160 1271 1333 1319 moesti
1372 1285 1552 1333 preces

517 1346 718 1396 Duram
757 1349 1024 1416 querentis
1062 1350 1289 1410 ianuam,

449 1427 571 1477 Non
610 1431 744 1478 serta
781 1429 932 1479 lentis
969 1430 1072 1480 fixa
1109 1446 1293 1482 cernes
1330 1434 1574 1496 postibus
1902 1450 1945 1481 25

516 1509 718 1559 Exclusi
756 1511 978 1560 amantis
1016 1527 1267 1573 munera3

449 1590 551 1641 Sed
589 1591 700 1640 sola
738 1595 921 1642 noctes
957 1593 1150 1656 frigido
1188 1596 1390 1646 cubans
1428 1600 1545 1646 toro

512 1673 653 1722 Nulli
691 1674 850 1736 petita
886 1677 1142 1725 conteres,

447 1752 590 1811 Quin
630 1754 731 1804 hoc
769 1755 993 1804 iuventae
1030 1756 1280 1806 floridum
1320 1762 1478 1822 atque
1516 1759 1668 1809 dulce
1705 1775 1794 1809 ver

510 1835 832 1898 Brevemque
867 1836 1051 1886 florem
1091 1839 1379 1900 carpimus;
1897 1854 1941 1886 30

444 1917 569 1966 Post
605 1917 766 1966 lustra
802 1919 1039 1982 quinque
1077 1920 1178 1968 iam
1217 1925 1462 1972 senectus
1500 1923 1683 1984 incipit

511 1999 802 2062 Latensque
839 2001 1063 2063 surrepit
1101 2001 1285 2051 modo,

440 2078 634 2138 Quare,
673 2095 911 2129 meorum
949 2096 981 2130 o
1020 2096 1145 2131 aura
1181 2084 1353 2133 suavis
1391 2085 1608 2148 ignium,

506 2161 631 2211 Dies
666 2177 886 2225 agamus
924 2162 1197 2223 candidOS,

438 2241 741 2305 Noctesque
779 2242 912 2292 divae
948 2247 1283 2294 conteramus
1321 2246 1566 2309 integram,
1890 2259 1932 2291 35

505 2322 645 2381 Quae
679 2338 832 2372 mane
870 2324 1006 2373 lucet
1044 2325 1330 2388 Hesperus

659 2479 754 2528 AD
792 2480 1064 2534 PUEROS
1102 2481 1192 2530 DE
1230 2481 1615 2532 COLUMBA.*

999 2576 1108 2625 (Lib.
1143 2578 1172 2623 1,
1203 2577 1272 2627 ν.)

604 2646 704 2696 Cui
741 2651 971 2697 vestrum
1010 2650 1214 2698 niveam
1253 2664 1421 2698 meam
1460 2650 1760 2700 columbam

535 2727 780 2788 DonabO,
821 2744 853 2778 o
893 2729 1081 2790 pueri?
1120 2730 1327 2788 Tibine,
1367 2731 1473 2789 Iuli,

438 2836 455 2853 ⁸
484 2836 647 2881 Questa
678 2838 823 2887 poesia
852 2851 953 2888 pare
982 2839 1020 2878 al
1040 2840 1325 2887 Settembrini,
1356 2840 1408 2879 ed
1437 2840 1459 2879 ὲ
1482 2842 1724 2889 realmente,
1745 2845 1852 2881 tutta
1881 2842 1923 2880 di

337 2908 463 2947 greca
490 2898 673 2938 bellezza
701 2911 722 2939 e
750 2903 857 2940 tutta
887 2905 1033 2941 nostra
1063 2913 1138 2951 per
1165 2901 1264 2940 vita.
