2002 3161
584 102 783 167 Angelo
818 102 1090 152 Pollziatzo
1565 107 1620 156 31

44 238 95 285 ln
123 235 264 299 juga,
291 244 645 293 saxosumque
672 243 879 278 amnem
908 228 1042 291 pede
1069 228 1268 290 plaudit
1296 229 1504 278 inermi:
1564 244 1628 276 265

43 316 143 366 Cui
182 313 401 378 pulchro
428 312 583 360 micat
611 324 727 359 acre
764 312 937 372 caput,
964 308 1260 372 luduntque
1298 308 1506 359 decorae

46 398 235 446 Fronte
272 408 454 451 comae,
491 392 696 441 vibrant
733 405 900 449 aures,
939 393 1096 453 atque
1133 389 1262 439 orbe
1289 390 1513 453 nigranti

46 476 386 541 Praegrandes
421 476 596 523 extant
632 473 786 531 oculi,
824 475 934 521 tum
973 472 1185 534 spiritus
1211 471 1398 534 amplis

44 558 274 608 Naribus
311 557 346 605 it
383 555 602 612 fervens,
641 556 741 603 stat
777 553 947 602 cervix
973 552 1136 601 ardua
1174 552 1382 615 qualem

46 639 258 687 Praefert
296 636 613 686 marmaricis
651 633 932 683 metuenda
958 633 1204 683 leonibus
1242 634 1374 691 ales余
1567 646 1632 677 270

45 720 165 770 Ales
202 734 320 783 quae
355 717 494 781 vigili
531 716 700 766 lucem
726 718 878 765 vocat
916 729 1006 764 ore
1044 717 1364 772 morantem余

47 800 308 851 Crescunt
345 799 513 861 spissa
550 798 677 847 toris
713 797 921 860 lateque
947 797 1187 846 animosa
1225 799 1501 858 patescunt

47 882 278 939 Pectora,
317 881 753 943 consurguntque
791 879 1012 937 humeri,
1049 880 1097 926 et
1133 878 1238 942 jam
1265 878 1443 928 sessile
1470 881 1563 928 ter-

1293 960 1437 1024 [gum
1475 962 1566 1018 est,

47 1045 312 1107 Spinaque
349 1043 629 1106 depressos
664 1042 878 1105 gemino
915 1041 1056 1091 subit
1083 1040 1267 1090 ordine
1304 1041 1531 1100 lumbOS,

47 1127 107 1175 Et
144 1126 454 1189 castigatum
493 1123 742 1173 cohibent
780 1138 953 1172 crassa
989 1123 1071 1172 ilia
1096 1126 1347 1181 ventrem,
1567 1136 1631 1167 275

48 1206 296 1257 Fundunt
334 1221 387 1255 se
425 1206 557 1254 laetae
594 1205 790 1264 cluneS,
830 1204 1210 1268 subcrispaque
1237 1204 1414 1254 densis

48 1288 233 1340 Cauda
271 1289 404 1352 riget
441 1287 579 1345 setiS,
606 1290 655 1336 et
692 1287 1004 1335 luxuriantia
1041 1286 1238 1336 crebrae

47 1371 232 1420 Velant
269 1370 402 1419 colla
438 1368 581 1432 iubae
618 1383 677 1417 ac
714 1367 893 1417 dextra
930 1368 1127 1417 cervice
1152 1370 1435 1432 vagantur余

50 1452 186 1500 Tum
224 1451 367 1500 tereti
406 1449 685 1500 substricta
721 1463 861 1513 genu
890 1449 1194 1499 mollissima
1219 1449 1379 1498 flectit

48 1532 216 1584 Crura
252 1533 412 1590 ferox,
451 1532 648 1581 celsum
688 1530 1003 1595 ingredienS,
1043 1531 1358 1594 fremituque
1396 1545 1571 1593 super-

760 1655 764 1661 .
1381 1611 1500 1676 [bit余
1570 1624 1637 1656 280

50 1694 267 1745 Grande
305 1697 458 1743 sonat
496 1695 701 1743 tornata
737 1707 866 1742 cavo
904 1692 1075 1742 brevis
1114 1693 1312 1756 ungula
1339 1707 1522 1751 cornu,

52 1776 251 1840 Ingenti
289 1775 519 1824 referens
556 1773 861 1838 corybantia
898 1774 1137 1838 cymbala
1175 1774 1346 1837 pulsu.

121 1857 172 1908 O
209 1857 389 1907 dulces
426 1856 650 1919 pastoris
689 1856 848 1918 opes!
889 1871 920 1904 o
960 1858 1156 1919 quanta
1194 1855 1406 1905 beatum

52 1938 228 1997 Quam
266 1941 405 1988 tenet
431 1938 572 1987 hunc
609 1937 887 2000 tranquilla
925 1938 1100 2000 quies!
1129 1939 1184 1986 ut
1221 1940 1433 1999 pectore
1460 1939 1573 1986 toto

55 2020 304 2069 Laetitiam
342 2022 557 2082 totaque
593 2018 735 2068 fovet
772 2018 916 2068 bona
952 2017 1145 2082 gaudia
1183 2019 1385 2068 mente!
1578 2030 1642 2061 285

53 2101 258 2164 Nempe
295 2100 401 2150 odii
439 2099 792 2163 fraudumque
828 2114 1029 2162 expers,
1057 2102 1330 2162 exemptus
1357 2100 1496 2149 inani

53 2181 354 2230 Ambitione
390 2195 691 2244 vacansque
719 2183 876 2239 metu,
904 2195 997 2243 spe
1035 2180 1164 2230 liber
1201 2183 1251 2230 et
1289 2181 1488 2239 insonS,

55 2262 245 2312 Nativo
282 2262 424 2311 cultu
462 2265 511 2311 et
536 2276 665 2325 gaza
690 2261 950 2324 praedives
986 2262 1192 2325 agresti,

57 2344 170 2405 lpse
206 2342 303 2392 sibi
340 2342 462 2391 vivit
498 2343 644 2391 nullo
681 2342 781 2391 sub
808 2344 952 2401 teste,
990 2356 1199 2405 suoque

55 2422 254 2472 Pendet
292 2423 357 2472 ab
398 2422 629 2480 arbitriO,
667 2437 794 2472 suus
822 2423 931 2485 ipse
958 2426 1033 2473 est
1059 2437 1249 2473 censor
1284 2425 1333 2472 et
1370 2422 1475 2472 alto
1580 2435 1645 2466 290

58 2503 238 2554 Calcat
275 2518 405 2567 opes
431 2504 607 2553 animo
634 2519 694 2553 ac
731 2519 913 2568 regum
954 2503 1155 2553 deridet
1181 2503 1429 2553 honores.

166 2643 210 2683 V.
239 2645 335 2683 270.
359 2644 468 2683 Leva
486 2643 526 2682 la
547 2644 707 2683 cervice
726 2654 861 2691 come,
884 2655 907 2682 a
926 2647 1087 2682 terrore
1108 2643 1177 2682 dei
1196 2643 1309 2682 leoni
1330 2642 1458 2690 libici,
1480 2643 1506 2682 il
1529 2643 1644 2692 gallo

60 2710 202 2749 drizza
230 2710 271 2749 la
300 2713 449 2750 cresta.

167 2775 211 2814 V.
241 2776 335 2814 282.
367 2775 631 2825 Corybantia
658 2776 862 2826 cymbala.
898 2776 974 2816 Dei
1005 2775 1242 2824 Coribanti,
1266 2776 1474 2816 sacerdoti
1504 2776 1547 2815 di
1573 2776 1648 2815 Ci-

60 2841 168 2890 bele,
198 2842 210 2880 i
236 2842 302 2882 cui
331 2843 516 2882 tamburi
545 2843 774 2884 salvarono
803 2843 942 2883 Giove
971 2843 1083 2883 dalla
1112 2842 1300 2883 voracita
1328 2843 1370 2882 di
1390 2843 1592 2883 Saturno.
