2002 3161
300 189 392 237 170
731 189 883 239 Poeti
918 190 1165 241 amanisti
1197 191 1457 256 maggiori

293 312 510 364 Arboris
548 313 862 365 umbriferae
899 330 1052 367 casus
1087 317 1375 367 referamus
1412 317 1645 368 acerbos.

360 394 482 444 Non
520 398 627 445 erat
664 395 791 446 haec
829 400 1011 448 nostro
1048 398 1228 449 fabula
1265 402 1391 449 nota
1417 399 1548 449 solo.

291 475 498 537 Audiat,
536 480 586 526 et
623 477 765 527 molli
804 481 1073 530 cantantes
1109 482 1353 544 protegat
1390 480 1578 530 umbra
1858 492 1877 525 ⁵

362 559 491 621 Ipsa,
625 597 636 609 .
775 597 787 609 .
924 599 934 610 .
1072 599 1084 611 .
1223 600 1233 611 .
1371 600 1382 612 .

296 638 438 688 Olim
478 640 686 704 Bajanis
721 640 889 691 fuerat
925 642 1275 704 pulcherrima
1311 644 1450 694 silvis

360 721 535 781 Na'ias,
561 725 791 772 errantes
827 723 990 787 figere
1027 723 1183 774 docta
1218 724 1367 775 feras.

295 801 470 859 Quam
508 802 738 866 liquidus
775 803 963 854 clausis
1001 804 1256 855 Lucrinus
1292 819 1447 868 saepe
1484 804 1583 855 sub
1621 806 1781 855 antris

359 881 577 945 Optavit
613 883 755 933 lateri
791 884 1011 949 jungere
1048 900 1206 948 posse
1232 900 1346 936 suo.
1843 897 1880 928 10

294 964 404 1013 Nec
440 965 599 1014 semel
636 965 770 1015 illius
806 967 1101 1028 pharetram
1139 967 1384 1026 laudavit,
1422 969 1471 1017 et
1496 981 1677 1017 arcum

359 1045 633 1096 Pastorum
672 1047 878 1097 incultis
914 1048 1089 1098 fistula
1127 1048 1467 1099 carminibus.

294 1127 474 1177 Testes
511 1127 759 1188 Cumeae,
798 1132 953 1179 testes
991 1130 1317 1181 Linternides
1356 1130 1544 1190 undae,

357 1208 651 1273 Sanctaque
689 1210 969 1261 Gauranae
1006 1212 1238 1261 Numina
1278 1211 1691 1276 HamadryadeS,

292 1289 430 1339 Illam
470 1291 721 1352 Silvanos,
760 1292 1035 1357 Panasque
1072 1293 1247 1344 odisse
1284 1293 1545 1352 bicornes,
1840 1305 1878 1335 1⁵

357 1371 417 1419 Et
453 1386 822 1436 quoscumque
859 1373 981 1423 colit
1017 1374 1158 1433 silva,
1197 1388 1490 1438 nemusque
1519 1373 1678 1423 Deos

292 1451 392 1501 Sed
430 1452 557 1515 quid
595 1453 699 1503 fata
725 1454 953 1516 parant?
989 1455 1164 1505 Solitis
1200 1456 1446 1505 Morinna
1482 1454 1685 1504 redibat

356 1533 661 1584 Montibus:
701 1535 803 1585 hoc
841 1535 907 1585 illi
945 1550 1157 1595 nomen,
1194 1539 1244 1586 et
1280 1551 1436 1586 omen
1475 1539 1611 1586 erat:

290 1735 406 1780 tuna,
424 1734 465 1772 in
483 1735 676 1774 esametri
696 1734 943 1783 felicissimi,
964 1736 1004 1775 la
1020 1748 1154 1786 prova
1174 1737 1242 1776 nel
1259 1737 1514 1777 frammento
1535 1736 1695 1776 Salices
1715 1735 1783 1785 (V.
1803 1735 1876 1784 piu

294 1800 499 1851 innanzi).

395 1864 439 1903 V.
472 1866 507 1903 7.
540 1864 618 1903 Fra
647 1865 816 1905 Miseno
846 1878 868 1905 e
899 1867 1117 1914 Pozzqu,
1149 1868 1313 1907 celebre
1343 1880 1419 1917 per
1448 1868 1459 1907 i
1489 1868 1585 1907 suoi
1613 1867 1762 1918 bagni.

397 1930 441 1970 V.
471 1932 510 1970 9.
541 1932 762 1971 Lucrinas.
795 1933 927 1972 Lacus
958 1934 1163 1973 Lucrinus
1185 1934 1266 1973 alla
1295 1938 1401 1974 testa
1423 1934 1491 1973 del
1520 1934 1651 1973 Sinas
1680 1933 1873 1982 bajanus,

290 2008 365 2036 ora
391 2001 587 2047 separato
608 1998 678 2037 dal
706 2010 821 2038 mare
849 2000 1038 2039 soltanto
1070 2012 1145 2050 per
1176 2012 1261 2040 una
1290 2001 1479 2040 barriera
1507 2004 1691 2050 angusta
1711 2001 1756 2040 di
1784 2001 1877 2040 sab-

289 2064 380 2103 bia:
417 2076 488 2104 era
518 2065 737 2115 profondo
767 2078 789 2105 e
827 2068 971 2116 percio
1000 2071 1147 2107 stanza
1175 2069 1318 2108 adatta
1347 2069 1426 2107 alle
1456 2068 1653 2108 ostriche.
1683 2068 1878 2117 Agrippa

288 2130 446 2169 costrui
476 2142 532 2169 un
564 2135 704 2180 porto,
737 2132 853 2171 detto
887 2132 1024 2183 Julius
1063 2133 1232 2181 Portus,
1274 2146 1349 2183 per
1388 2134 1526 2183 aprire
1563 2133 1601 2172 le
1639 2133 1877 2172 comunica-

290 2196 402 2235 zioni
440 2196 505 2236 fra
533 2197 560 2236 il
599 2198 780 2237 Lucrino
818 2211 840 2238 e
877 2199 904 2237 il
946 2211 1060 2239 mare
1099 2201 1153 2239 da
1191 2212 1247 2239 un
1291 2201 1376 2240 lato
1418 2213 1440 2240 e
1481 2201 1509 2239 il
1546 2201 1648 2250 lago
1683 2200 1876 2240 Avernus

290 2262 524 2311 dall'altr0;
546 2264 613 2302 nel
633 2268 776 2314 tempo
793 2269 928 2305 stesso
945 2266 1102 2306 costrui
1121 2279 1178 2306 un
1198 2267 1315 2306 molo
1331 2266 1567 2306 fortissimo
1588 2267 1626 2306 al
1646 2267 1688 2306 di
1708 2266 1749 2306 la
1768 2266 1877 2306 della

290 2329 476 2368 barriera
496 2330 538 2368 di
559 2330 708 2370 sabbia
727 2332 890 2381 (V1RG.,
911 2332 1068 2382 Georg.
1093 2334 1161 2383 ΙΙ.)
1183 2333 1302 2372 Gran
1326 2337 1444 2383 parte
1465 2333 1532 2372 del
1551 2333 1652 2383 lago
1672 2333 1695 2372 ὲ
1714 2344 1790 2372 ora
1809 2344 1876 2372 oc-

290 2399 443 2444 cupata
471 2396 539 2435 dal
569 2397 717 2437 Monte
744 2398 903 2446 Nuovo,
935 2399 1019 2438 alto
1048 2401 1124 2438 400
1153 2400 1282 2449 piedi,
1324 2400 1400 2440 che
1438 2400 1485 2439 fu
1527 2399 1764 2439 rovesciato
1802 2410 1876 2448 per

291 2463 439 2501 azione
466 2463 684 2503 vulcanica
711 2465 778 2503 nel
811 2467 910 2505 1538
938 2465 1011 2516 (G.
1045 2466 1088 2505 L.
1113 2466 1283 2515 ΒΕνΑΝ,
1311 2467 1466 2517 Geogr.
1497 2468 1640 2506 antica
1649 2481 1665 2513 ;
1686 2467 1873 2512 Firenze‚

292 2528 507 2579 Barbera).

400 2595 441 2634 V.
473 2596 533 2634 13.
552 2595 800 2635 Lintermmz
821 2607 846 2634 o
868 2596 1112 2642 Liternum,·
1140 2597 1229 2636 Tor
1248 2598 1290 2637 di
1321 2598 1474 2645 Patria,
1497 2598 1562 2637 sul
1585 2597 1716 2636 limite
1735 2596 1776 2635 d’
1791 2607 1875 2634 una

290 2660 444 2708 palude
474 2662 686 2711 (Liiterna
711 2663 871 2712 palus),
901 2662 1037 2712 luogo
1056 2662 1224 2703 famoso
1246 2676 1325 2703 ove
1354 2665 1388 2704 si
1409 2664 1527 2704 ritiro
1547 2664 1744 2713 Scipione
1765 2662 1874 2701 Afri-

288 2737 408 2764 cano.
441 2727 612 2766 Gaurus
632 2740 750 2767 mons
778 2729 943 2779 (Monte
971 2728 1188 2779 barbaro),
1220 2742 1244 2769 a
1274 2742 1383 2780 poco
1413 2731 1604 2770 distanza
1633 2730 1688 2768 da
1719 2729 1872 2774 Cuma,

289 2793 452 2832 celebre
482 2795 547 2842 pe’
580 2796 674 2834 suoi
703 2796 805 2835 vini.

395 2859 438 2898 V.
470 2862 528 2899 17.
559 2861 789 2901 Morinna:
817 2862 856 2901 la
885 2862 1004 2900 ninfa
1023 2862 1236 2912 insegnita
1256 2864 1324 2903 dal
1347 2864 1507 2910 Fauno,
1537 2863 1577 2902 la
1594 2862 1719 2913 quale
1739 2863 1773 2901 si
1794 2866 1875 2901 tra-

289 2924 497 2964 sformera
528 2927 598 2974 poi
628 2928 669 2965 in
701 2939 823 2966 moro
851 2928 1004 2967 bianco
1036 2928 1120 2977 (vv.
1156 2931 1305 2980 55-56).
