2002 3161
263 190 354 240 150
688 184 840 240 Paeti
876 187 1125 240 amanisti
1157 187 1418 256 maggiori

321 315 524 365 Scilicet
561 316 790 365 alternos
827 315 1060 365 conabar
1096 314 1353 365 arundine
1388 329 1572 364 versus

324 398 585 461 Excipere.
622 397 847 448 Alternis
884 413 1005 447 nam
1043 397 1215 447 dicere
1253 400 1473 460 uterque
1510 395 1742 459 parabat.

322 479 434 529 Nec
470 494 633 539 mora,
669 479 774 544 iam
812 478 1061 529 Chromis
1085 479 1200 538 hos,
1226 479 1325 528 hos
1349 481 1398 528 et
1424 477 1679 527 referebat

1587 559 1751 623 [lolas.
1811 570 1851 603 4⁵

258 642 377 692 Clzr.
416 641 669 691 Nereides
695 641 866 705 pelagi
893 655 1099 691 sacrum
1126 656 1312 704 genuS,
1341 643 1429 690 aut
1451 640 1575 689 mihi
1602 641 1787 690 vestris

322 725 543 774 Munera
563 723 690 772 ferte
707 722 870 782 vadi8‚
892 722 1077 772 duram
1105 723 1253 786 queis
1279 721 1532 772 Chlorida
1558 723 1786 785 placem:

321 806 440 864 Aut,
479 806 520 855 si
558 804 865 854 muneribus
902 804 1038 854 flecti
1077 804 1275 867 nequit,
1314 818 1547 867 aequore
1584 807 1697 853 toto

322 886 587 946 Quaerite,
625 901 760 950 quae
796 888 1035 935 nostrum
1073 887 1220 934 sanet
1256 884 1514 934 medicina
1538 885 1786 934 furorem.

243 969 345 1034 Jol.
383 967 590 1019 Sirenes
626 982 742 1017 mea
778 981 918 1027 cura,
955 966 1131 1017 audite
1168 966 1296 1016 haec
1334 966 1515 1015 ultima
1549 969 1686 1015 vota.
1813 980 1853 1009 0

320 1050 424 1099 Aut
460 1051 668 1099 revocet
703 1049 809 1112 iam
845 1047 974 1097 Nisa
1011 1062 1184 1107 suum,
1221 1061 1318 1096 nec
1356 1049 1568 1110 spernat
1607 1048 1783 1106 lolam,

321 1131 425 1181 Aut
442 1131 615 1180 videat
641 1131 971 1180 morientem.
1000 1130 1147 1179 Haec
1172 1143 1295 1178 saxa
1321 1128 1547 1191 impulsa
1573 1129 1786 1178 marinis

322 1213 605 1272 Fluctibus,
642 1212 771 1261 haec
807 1212 998 1261 misero
1023 1211 1136 1260 vilis
1162 1210 1306 1259 dabit
1328 1211 1445 1274 alga
1470 1210 1785 1272 sepulcrum.

255 1295 376 1345 Clzr.
414 1294 601 1353 Qualis
637 1293 919 1357 tranquillo
946 1306 1081 1357 quae
1107 1292 1299 1341 labitur
1319 1306 1550 1355 aequore
1576 1291 1783 1355 cymba,

321 1375 505 1434 Quum
543 1374 794 1439 Zephyris
831 1388 1068 1424 summae
1106 1373 1402 1435 crispantur
1439 1372 1622 1421 leniter

1540 1453 1747 1517 [undae,
1809 1466 1852 1499 55

323 1539 460 1589 Tuta
493 1538 650 1597 volat,
677 1537 914 1601 luditque
940 1536 1115 1587 hilaris
1151 1550 1243 1599 per
1267 1537 1489 1585 transtra
1514 1535 1783 1599 juventus:

321 1621 461 1671 Talis
497 1621 601 1669 vita
639 1620 780 1678 mihi,
820 1634 939 1669 mea
977 1618 1105 1668 dum
1146 1633 1228 1667 me
1257 1616 1469 1668 Chloris
1496 1616 1719 1666 amabat.

243 1703 345 1768 Jol.
382 1702 640 1765 Adspicis,
680 1703 836 1751 iratae
872 1701 1060 1750 feriant
1097 1703 1154 1750 ut
1192 1715 1314 1749 saxa
1351 1699 1636 1762 procellae:

320 1784 392 1835 Ut
427 1784 611 1833 validis
649 1784 781 1832 imae
819 1782 974 1833 Coris
1011 1781 1293 1831 turbentur
1329 1795 1531 1830 arenae.

313 1866 426 1929 jam
464 1865 696 1928 scopulis
732 1864 855 1913 furit
892 1863 1053 1922 unda,
1091 1863 1262 1912 tremit
1299 1863 1404 1926 jam
1442 1865 1576 1911 terra
1612 1863 1687 1910 tu-

1550 1941 1751 2006 [multu.
1810 1953 1852 1984 00

322 2028 507 2086 Fallor,
545 2041 609 2076 an
636 2026 765 2075 haec
792 2026 904 2088 ipsa
929 2027 1006 2074 est
1032 2024 1190 2074 Nisae
1217 2023 1547 2087 indignantis
1573 2022 1788 2085 imago?

258 2109 377 2160 Clzr.
416 2108 467 2159 O
505 2108 697 2157 Proteu
735 2110 916 2170 pastor
951 2104 1135 2169 liquidi
1175 2106 1346 2163 maris,
1373 2119 1406 2154 o
1434 2107 1594 2167 pater,
1623 2118 1655 2152 o
1682 2117 1784 2162 reX,

322 2188 796 2255 (Quandoquidem
835 2188 1050 2237 insanos
1086 2186 1271 2236 odistis
1308 2185 1540 2234 Numina
1576 2183 1760 2246 fastus)

320 2271 530 2330 Quaere
568 2270 871 2319 Pithecusas
908 2271 979 2328 tu,
1017 2269 1099 2317 cui
1137 2268 1278 2317 licet:
1318 2270 1474 2329 atque
1513 2265 1770 2328 superbae

321 2353 418 2403 Dic
457 2350 638 2417 Hyale,
675 2352 863 2402 falsum
901 2353 949 2400 te
986 2364 1199 2412 pascere
1226 2351 1461 2398 monstra
1497 2362 1589 2410 per

1536 2442 1749 2491 aequor.
1809 2438 1849 2470 05

244 2518 344 2582 Jol.
368 2517 451 2566 llle
471 2516 644 2576 habet,
667 2516 748 2565 ille
767 2529 915 2564 meos
940 2514 1192 2576 scopulus
1218 2513 1342 2562 mihi
1369 2514 1537 2562 servat
1562 2523 1783 2567 amoreS,

322 2597 428 2655 Qui
456 2598 673 2660 propior
692 2600 856 2645 terrae
881 2598 973 2644 est.
1001 2595 1147 2643 Illum
1175 2596 1308 2656 pete,
1331 2592 1549 2650 Glauce,
1576 2592 1779 2639 natatu:

322 2677 466 2727 Neve
503 2692 690 2727 manus
727 2677 843 2725 duri
881 2677 1185 2725 contemnat
1222 2674 1350 2722 Nisa
1387 2672 1572 2730 mariti,

324 2758 421 2807 Dic
457 2761 505 2808 te
543 2759 902 2822 squamigeras
939 2756 1152 2805 traxisse
1189 2754 1254 2804 ad
1293 2755 1442 2803 litora
1479 2751 1716 2815 praedas.

367 2942 412 2981 V.
433 2943 500 2981 64.
534 2942 696 2989 Quaere
725 2940 972 2981 Pithecusas
989 2954 1002 2978 .·
1031 2938 1177 2978 ischia.

1980 2897 1984 2901 ⁴
1982 2650 1998 2795 «θη-»σν
1988 2619 1990 2624 -
1986 2558 1994 2589 υ».
1990 2527 1993 2532 .
