2002 3161
587 151 847 200 Oiovanm·
881 151 1117 200 Pontano
1546 159 1631 206 ‘241

189 275 430 327 Oblatrat
468 276 614 326 matri
654 290 1003 340 mammaeque
1040 276 1303 335 irascitur;
1342 279 1484 330 illum
1598 292 1642 327 30

190 357 249 405 Et
287 357 465 406 dextra
502 357 642 406 fovet
679 359 728 406 et
766 356 934 406 cauda
971 357 1235 407 demulcet
1273 360 1453 420 amica,

188 437 293 495 Qui
332 438 462 488 ridet
502 438 665 498 matri,
705 439 864 501 inque
901 439 1016 488 sinu
1057 440 1271 489 nutricis
1308 445 1493 491 amatae

188 519 487 578 Dormiscit,
523 520 661 581 capit
699 519 940 582 absynthi
979 523 1028 568 et
1066 535 1186 569 cum
1227 522 1377 571 melle
1413 523 1576 586 liquo·

1419 604 1573 668 [rem;

185 681 327 739 Quin
366 683 447 730 cui
487 682 758 731 brasiculae
786 695 962 730 semen
1003 683 1185 744 placet,
1224 684 1345 732 huic
1383 683 1472 733 dat
1507 684 1573 734 ab

1439 766 1574 830 [ipso

185 843 415 893 Blandus
452 857 598 892 avem
626 843 770 902 nido,
798 844 885 893 dat
923 845 1074 906 pictae
1096 846 1228 894 colla
1255 846 1533 907 columbae,
1594 859 1637 892 35

181 923 357 982 Quam
397 924 487 974 tibi
528 925 807 986 pollicitus.

53 1004 152 1066 Ωιι.
788 1006 929 1055 Num
952 1007 1134 1068 perlita
1161 1008 1391 1057 crustula
1417 1009 1568 1058 melle

184 1086 270 1136 Est
307 1100 522 1149 quoque
560 1087 862 1149 pollicitus?

51 1166 158 1215 Pel.
859 1167 1019 1217 Dabit
1046 1169 1157 1218 haec
1184 1169 1293 1227 tibi,
1321 1173 1453 1230 nate,
1492 1170 1576 1220 be-

1334 1250 1574 1314 [nignum

181 1328 390 1378 Numen
417 1333 466 1378 et
493 1328 574 1378 ille
601 1329 748 1387 deuS,
775 1330 858 1378 cui
886 1343 984 1379 nos
1021 1334 1179 1394 atque
1205 1331 1384 1380 omnia
1409 1346 1564 1381 curae.

51 1409 149 1472 Ωιι.
188 1409 301 1469 Dic,
340 1413 528 1469 mater,
557 1409 688 1460 deus
726 1411 820 1460 iste
847 1411 965 1474 quis
990 1415 1068 1461 est
1106 1427 1410 1476 numenque
1435 1413 1576 1462 beni-

1347 1493 1574 1556 [gnum?

47 1571 156 1622 Pel.
194 1571 300 1630 Qui
321 1576 557 1622 tenerum
579 1571 724 1621 lactis
750 1559 936 1621 florem
964 1587 1023 1622 ac
1050 1573 1307 1622 ientacula
1333 1574 1549 1636 praebet,
1598 1587 1641 1618 ιο

179 1653 320 1702 Dum
360 1654 507 1702 matri
546 1667 676 1715 puer
702 1652 1026 1715 obsequitur,
1065 1653 1190 1703 dum
1219 1657 1364 1716 paret
1389 1655 1572 1712 alenti;

182 1734 287 1792 Qui
316 1734 469 1797 plena
488 1734 745 1784 melimela
771 1749 929 1784 manu
957 1749 1278 1798 croceasque
1307 1735 1573 1798 placentas

180 1815 282 1864 Dat
318 1815 507 1876 pueris,
535 1814 662 1863 dum
700 1814 949 1864 litterulas
986 1818 1035 1864 et
1073 1816 1304 1864 carmina
1342 1815 1566 1865 discunt.

51 1893 148 1956 Ωιι.
186 1894 327 1944 Num
365 1894 452 1944 det
489 1895 635 1958 fraga
661 1895 800 1955 mihi,
828 1896 988 1945 cerasi
1027 1911 1153 1945 num
1192 1896 1347 1946 molle
1384 1897 1571 1960 quasil-

1428 1978 1572 2041 [lum‚

181 2056 262 2105 Ad
299 2056 516 2107 ferulam
554 2071 674 2106 cum
713 2057 983 2121 discipulis
1021 2059 1061 2107 si
1099 2059 1357 2108 crastinus
1393 2058 1552 2108 asto?
1598 2072 1640 2102 ⁴5

47 2136 156 2186 Pel.
194 2136 338 2195 Quin
376 2141 425 2188 et
461 2138 728 2197 cariculaS,
756 2140 882 2202 quin
911 2139 1053 2187 mitia
1079 2139 1237 2188 sorba
1275 2154 1572 2203 nucemque

181 2218 447 2268 Pineolam
485 2221 534 2268 et
571 2218 708 2268 dulci
748 2219 960 2282 perfusa
997 2219 1224 2282 cydonia
1262 2222 1454 2269 musto.

182 2301 257 2350 En
284 2305 534 2360 crustum,
560 2315 623 2351 en
651 2316 880 2364 prunum
908 2302 1187 2360 aridulum‚
1215 2316 1278 2351 en
1308 2305 1573 2352 mustacea

1316 2382 1385 2446 [et
1421 2383 1572 2433 offas.

52 2460 149 2524 Ωιι.
186 2461 346 2521 Num,
382 2462 620 2526 genitriX‚
656 2461 789 2512 deus
827 2463 909 2512 hic
946 2477 1136 2525 panem
1176 2465 1298 2527 post
1338 2463 1460 2513 vina
1497 2478 1576 2513 ca-

1415 2545 1574 2608 [nenti

181 2622 352 2673 Mulsa
388 2621 644 2673 sacerdoti
672 2623 870 2683 miscet,
908 2623 996 2673 dat
1033 2623 1225 2673 sorbile
1262 2627 1313 2673 et
1349 2624 1549 2674 ovum?
1597 2637 1640 2669 50

51 2701 159 2752 Pel.
197 2702 341 2761 Quin
379 2707 428 2754 et
465 2717 638 2753 avem:
677 2704 930 2767 pinguem
970 2705 1080 2768 ipse
1117 2719 1271 2756 suum
1309 2706 1419 2755 vult
1455 2719 1569 2755 esse

1244 2786 1574 2850 [ministrum.

184 2863 286 2915 Det
309 2865 400 2915 tibi
427 2866 685 2918 avellanas
709 2866 977 2930 ficumque
1005 2881 1267 2930 uvamque
1294 2870 1574 2926 recentem,

141 3019 191 3050 ιο.
222 3036 261 3042 η-
291 3016 458 3055 Classici
484 3018 655 3064 italiam,
679 3019 726 3055 N.
752 3022 785 3055 2.
