2002 3161
600 156 800 221 Angelo
836 155 1109 205 Poliziatzo
1601 160 1689 207 127

99 284 300 335 Scilicet
338 284 592 333 immanes
630 281 788 342 Bessi,
827 281 1054 344 flavique
1092 279 1301 339 Coralli,

165 365 268 415 Aut
301 379 396 415 vos
433 363 590 427 pelliti
629 377 781 413 saxea
818 361 979 412 corda
1016 360 1184 419 Getae,
1651 374 1694 405 20

101 447 301 498 Scilicet
337 445 569 495 horribili
597 443 798 494 dederit
835 443 1091 493 solamina
1126 441 1272 490 vultu

164 527 395 577 Sarmata
430 525 495 575 ab
534 528 694 588 epoto
732 539 872 587 saepe
908 522 1182 572 vehendus
1219 536 1380 585 equo,

0 637 1 646 κ
101 607 334 658 Sarmata
359 607 441 656 cui
480 605 701 669 rigidam
740 604 971 654 demisso
998 604 1048 653 in
1074 602 1274 652 lumina
1298 601 1525 651 frontem

167 689 312 738 Mota
348 688 603 750 pruinoso
640 689 878 749 tempora
913 686 1054 736 crine
1090 686 1294 734 sonant.

102 768 202 818 Sed
241 771 412 817 tamen
440 770 489 817 et
527 768 667 818 Bessi
706 768 991 817 extinctum
1029 768 1078 815 et
1105 765 1293 814 flevere
1332 763 1544 823 Coralli,
1650 775 1693 807 2⁵

168 850 506 912 Sarmataque
543 852 592 898 et
630 848 794 898 durus
831 847 1073 897 contudit
1110 861 1202 896 ora
1241 845 1428 896 Getes:

105 932 398 980 Extinctum
435 933 484 980 et
522 932 729 980 montes
766 929 963 979 flebant
1000 930 1247 992 silvaeque
1283 928 1527 991 feraeque,

168 1013 228 1061 Et
264 1011 416 1061 flesse
454 1012 504 1060 in
542 1010 727 1061 mediis
766 1010 955 1059 dicitur
992 1011 1116 1060 Ister
1142 1010 1320 1073 aquis;

104 1093 248 1152 Quin
287 1093 441 1142 etiam
479 1092 633 1155 pigro
670 1094 975 1142 concretum
1001 1091 1198 1154 frigore
1236 1090 1464 1140 Pontum

169 1171 454 1222 Nereidum
492 1171 770 1235 lachrymis
806 1171 1090 1233 intepuisse
1116 1171 1304 1219 ferunt.
1656 1179 1698 1211 30

106 1253 387 1304 Accurrere
424 1253 560 1302 leves
597 1252 790 1315 paphia
827 1267 947 1302 cum
988 1255 1156 1301 matre
1192 1252 1447 1310 volucreS‚

170 1335 473 1398 Arsuroque
510 1334 649 1383 faces
687 1348 1017 1396 supposuere
1057 1348 1223 1397 rogo:

107 1416 280 1474 Quem
319 1416 472 1465 simul
510 1415 804 1477 absumpsit
845 1414 1041 1477 rapidae
1078 1415 1323 1464 violentia
1348 1414 1590 1472 flammae,

170 1497 448 1560 Relliquias
485 1499 623 1546 tecto
661 1511 1013 1559 composuere
1052 1495 1211 1554 cado;

106 1579 519 1642 impositumque
556 1577 698 1627 brevi
739 1572 1015 1642 signarunt
1053 1578 1268 1627 nomine
1293 1591 1508 1626 saxum:
1652 1586 1694 1618 35

175 1660 326 1718 «Qui
364 1660 497 1724 jacet
534 1659 617 1708 hic
655 1660 816 1709 teneri
858 1659 1048 1709 doctor
1084 1659 1279 1708 amoris
1305 1660 1470 1707 erat.»

107 1743 220 1804 Ipsa
256 1741 431 1791 locum
470 1740 570 1790 late
607 1743 792 1790 sancto
829 1740 1090 1805 Cytherea
1125 1740 1328 1803 liquore

174 1823 360 1873 lrrorat
397 1823 545 1871 nivea
582 1824 764 1885 terque
800 1825 1090 1886 quaterque
1127 1836 1302 1871 manu.

108 1903 217 1953 Vos
254 1918 483 1967 quoque,
512 1902 757 1962 PierideS‚
794 1904 896 1952 vati
934 1903 1132 1952 libastis
1168 1902 1418 1964 adempto

173 1983 434 2044 Carmina,
472 1983 564 2034 sed
602 1986 787 2034 nostro
825 1999 933 2034 non
972 1983 1245 2034 referenda
1282 1997 1433 2033 sono,
1656 1991 1699 2021 40
