2002 3161
663 157 840 221 lacopo
874 156 1173 208 Samzazaro
1625 160 1706 208 141

197 285 384 346 Incipe,
421 283 547 332 dum
585 283 651 333 ad
689 283 863 334 Solem
904 283 1130 347 Bajanus
1166 284 1293 332 retia
1330 283 1524 332 Milcon

195 365 440 428 Explicat,
475 367 525 414 et
561 364 804 415 madidos
842 366 1115 428 componit
1141 365 1191 413 in
1220 364 1348 413 orbe
1385 363 1646 413 rudentes.

128 448 236 512 Lyc.
275 446 428 505 Quos
465 446 589 495 mihi
628 461 784 506 nunc,
813 447 990 506 Divae,
1017 447 1282 509 scopulos,
1310 460 1445 510 quae
1471 446 1650 509 pandi-

1368 529 1449 592 [tis
1487 531 1647 586 antra,

191 610 475 660 Nereides:
514 626 645 675 quas
682 614 737 661 tu
775 611 956 661 secreti
995 611 1158 660 litoris
1198 610 1401 669 herbaS‚

191 690 392 740 Glauce
429 695 590 754 pater,
628 705 762 754 quae
800 691 1145 740 monstriferis
1183 691 1305 739 mihi
1344 690 1581 754 gramina

1461 771 1646 834 [succis

190 852 454 903 Ostendes
491 868 645 913 nunc,
685 853 928 904 Glauce?
964 852 1158 917 quibus
1196 853 1374 902 tellure
1412 852 1599 912 relicta,

188 933 268 982 Ah
303 934 475 992 miser,
512 937 562 984 et
598 934 778 998 liquidi
817 935 984 984 factus
1021 949 1191 984 novus
1228 934 1397 983 incola
1435 935 1599 996 ponti,

189 1015 263 1064 Te
300 1029 488 1079 sequar
525 1016 575 1064 in
614 1015 817 1066 medios
855 1018 1056 1065 mutato
1092 1030 1315 1078 corpore
1352 1015 1560 1075 fluctuS‚

190 1097 249 1147 Et
283 1097 462 1147 feriam
500 1096 662 1147 bifida
699 1098 996 1160 spumantia
1032 1112 1293 1146 marmora
1328 1096 1511 1147 cauda.

187 1177 321 1227 Nam
349 1177 475 1241 quid
502 1192 603 1242 ego
631 1179 732 1228 heu
759 1179 885 1228 solis
909 1179 1066 1228 vitam
1088 1179 1198 1228 sine
1219 1177 1453 1242 Phyllide
1479 1179 1626 1228 terris

189 1259 442 1322 Exoptem
480 1260 678 1310 miser?
713 1263 802 1310 aut
839 1260 1092 1323 quidnam
1130 1262 1277 1322 rapta
1314 1259 1437 1308 mihi
1466 1259 1579 1308 luce

187 1342 352 1392 Dulce
387 1343 596 1405 putem?
632 1341 824 1405 quidve
860 1342 943 1391 hic
968 1355 1172 1405 sperem
1193 1341 1218 1390 Ρ
1242 1340 1369 1404 quid
1396 1341 1501 1404 iam
1539 1355 1646 1389 mo-

1379 1422 1478 1486 [rer
1514 1422 1646 1471 ultra

188 1503 406 1554 Infelix?
440 1519 505 1554 an
543 1507 599 1553 ut
635 1504 731 1554 hac
765 1504 849 1572 vili
888 1504 1156 1568 projectus
1193 1504 1243 1552 in
1281 1502 1413 1566 alga,

184 1584 402 1635 Arentes
437 1587 639 1635 tantum
676 1584 902 1644 fruticeS,
941 1584 1248 1647 desertaque
1285 1598 1492 1633 cernam

187 1667 374 1726 Litora,
411 1670 460 1716 et
497 1668 703 1731 ingrato
739 1667 927 1731 jactem
966 1681 1080 1716 mea
1115 1665 1274 1716 verba
1311 1665 1553 1728 sepulcro
1575 1665 1600 1714 P

188 1748 389 1799 Scilicet
425 1749 524 1799 hos
560 1748 834 1809 thalamos,
872 1748 971 1798 hos
1007 1748 1183 1799 felices
1220 1749 1539 1812 hymenaeos

188 1830 613 1881 Concelebrem?
638 1832 711 1882 sic
749 1834 984 1894 speratae
1020 1831 1144 1880 mihi
1182 1830 1376 1894 gaudia
1412 1830 1561 1880 tedae

188 1912 290 1962 Dat
326 1913 505 1963 Venus
527 1914 553 1963 ⁰?
587 1913 870 1978 ambiguos
906 1913 979 1963 sic
1017 1912 1105 1962 dat
1142 1913 1336 1962 Lucina
1372 1911 1629 1961 timores?

187 1993 323 2052 Quis
359 1995 500 2054 mihi,
539 1996 656 2059 quis
692 1998 741 2045 te
778 1998 827 2045 te
862 1995 1049 2057 rapuit,
1086 1993 1387 2044 dulcissima
1412 1992 1620 2056 Phylli?

188 2074 367 2139 Phylli,
388 2090 532 2126 meae
550 2075 822 2140 quondam
843 2076 1063 2140 requies:
1085 2089 1311 2139 spesque
1331 2076 1483 2125 unica
1495 2075 1644 2132 vitae,

1672 621 1710 652 45

1669 1109 1712 1140 50

1670 1594 1709 1625 55

1668 2004 1712 2035 60

231 2292 275 2332 V.
296 2294 366 2332 47.
389 2292 572 2341 Glauco,
593 2292 761 2333 famoso
780 2297 998 2343 pescatore
1018 2294 1061 2332 di
1083 2294 1252 2341 Beozia,
1275 2304 1332 2333 un
1349 2293 1520 2342 giorno,
1539 2293 1707 2342 deposti

122 2357 326 2398 sull'erba
352 2358 365 2397 i
395 2359 508 2408 pesci
536 2359 741 2406 semivivi,
773 2359 963 2399 s'avvide
991 2361 1082 2406 che,
1105 2371 1129 2398 a
1156 2360 1255 2409 quel
1276 2362 1479 2406 contatto,
1509 2359 1590 2398 essi
1611 2360 1710 2409 ripi-

124 2423 324 2473 gliavano
351 2423 392 2462 la
418 2423 504 2462 vita
540 2435 563 2462 e
601 2424 859 2464 risaltavano
895 2425 964 2463 nel
1001 2436 1130 2464 mare.
1171 2424 1350 2474 Mangio
1387 2424 1519 2463 allora
1551 2424 1636 2474 egli
1665 2425 1707 2463 di

123 2489 360 2540 quell'erba
386 2501 409 2529 e
437 2490 472 2530 si
501 2490 709 2540 precipito
738 2490 848 2529 nelle
876 2492 1004 2530 onde.
1037 2491 1213 2531 Oceano
1250 2503 1272 2529 e
1301 2491 1392 2530 Teti
1423 2491 1465 2530 lo
1494 2491 1707 2531 accolsero

122 2556 475 2607 benignamente;
496 2556 704 2607 ond’egli,
727 2556 991 2606 purificatosi
1021 2558 1064 2596 di
1091 2561 1196 2597 tutte
1225 2558 1262 2596 le
1283 2557 1510 2597 debolezze
1538 2569 1706 2603 umane‚

123 2624 170 2664 fu
199 2627 375 2665 assunto
404 2623 470 2663 fra
497 2624 557 2674 gli
586 2624 654 2663 dei
683 2624 848 2664 marini.
879 2624 921 2664 Si
942 2625 1072 2674 legga
1100 2624 1211 2663 nella
1229 2625 1441 2674 stupenda
1459 2625 1709 2663 traduzione

124 2689 168 2728 di
198 2690 321 2739 Luigi
350 2689 530 2729 Goracci
559 2689 752 2739 (Pirenze
782 2690 836 2729 Le
866 2690 1098 2739 Monnier)‚
1130 2701 1156 2728 o
1177 2689 1244 2728 nel
1264 2692 1372 2730 testo
1393 2689 1542 2736 latino,
1564 2689 1603 2728 la
1621 2689 1707 2728 fine

124 2755 192 2795 del
220 2755 313 2795 xm
341 2756 450 2796 delle
478 2756 783 2806 Metamorfosi
809 2757 852 2796 di
881 2756 1065 2797 Ovinio.

234 2821 278 2862 V.
307 2822 376 2863 59.
406 2822 578 2869 Lucina,
609 2823 688 2862 dea
717 2823 827 2863 della
855 2822 1093 2870 maternita,
1116 2823 1312 2863 invocata
1330 2824 1398 2863 nei
1428 2824 1565 2873 parti;
1597 2823 1708 2861 onde

127 2887 188 2938 gli
216 2888 443 2938 ambiguos
473 2889 656 2928 timores.
