2002 3161
612 121 871 171 Gl'ovcmni
905 120 1140 168 Pansam)
1571 123 1667 172 239

78 242 214 294 Cum
256 245 439 307 plausu
477 246 729 309 gemitum
769 260 827 292 ac
864 247 1088 292 veterem
1118 242 1388 292 indoluere
1426 259 1602 307 quere-

1428 325 1564 388 [lam.
1605 339 1667 372 160

75 410 161 459 llla
198 411 383 459 iterum
421 409 615 459 solata:
660 427 681 453 «
706 406 868 466 Quid,
906 422 938 456 o
977 406 1328 464 moestissima,
1366 405 1507 464 dixit,

74 491 196 540 Nun
235 491 460 554 corylus,
499 489 728 554 Coryle‘?
765 489 889 539 Sors
927 488 1039 536 haec
1077 490 1165 536 tua
1204 501 1344 536 nunc
1381 502 1597 550 quoque

1402 568 1595 632 [multis

74 651 284 700 lnvidiae
322 654 424 709 est;
463 651 689 700 lacrimae
727 650 901 708 floreS,
940 650 1162 711 suspiria
1199 649 1399 698 fructus

72 731 212 781 Dant
249 735 351 781 tua.
390 732 512 781 Non
551 732 732 794 paucis
769 732 899 780 livor
936 745 1152 794 quoque
1190 729 1402 792 profuit,
1440 733 1489 778 et
1527 732 1575 778 te

71 812 265 862 lnvidia
301 813 525 872 extollet,
564 813 834 875 parietque
873 812 1059 861 iniuria
1096 812 1352 860 famam.»
1603 822 1664 855 165

563 1129 1153 1189 QUlNQUENNJUSx¹<

749 1241 854 1292 (Ecl.
885 1241 972 1291 VI.)

260 1323 520 1374 Institutio
556 1323 627 1372 ad
661 1323 779 1372 vitoe
810 1323 1000 1372 cultam
1036 1325 1083 1371 et
1118 1322 1451 1386 relligionem.

329 1419 723 1482 szitzqaemzias
748 1417 926 1483 filim,
966 1419 1182 1469 Pelvitza
1217 1421 1390 1468 mater.

68 1531 165 1593 Qu.
205 1531 318 1589 Dic,
340 1534 503 1579 mater
530 1529 753 1589 Pelvina,
781 1530 958 1593 fragor
995 1530 1112 1593 quis
1137 1532 1312 1578 tantus
1338 1532 1387 1578 et
1414 1527 1592 1577 unde?

191 1612 346 1662 Dolia
372 1627 498 1661 num
526 1612 838 1675 stringitque
859 1610 1021 1660 cados
1040 1610 1304 1660 vindemia
1324 1613 1373 1659 et
1393 1609 1592 1659 arctat?

192 1694 289 1744 Hei
329 1693 469 1753 mihi,
508 1708 665 1757 quam
703 1693 869 1742 crebri
907 1693 1117 1742 rutilant
1155 1692 1219 1741 de
1269 1691 1501 1741 nubibus

1407 1772 1588 1836 [ignes.

57 1855 165 1905 Pel,
204 1854 354 1905 Abde
391 1856 507 1905 sinu
546 1858 610 1914 te,
649 1858 782 1914 nate,
811 1869 929 1904 meo
956 1858 1112 1918 atque
1139 1854 1451 1916 amplectere
1489 1867 1591 1901 ma-

1416 1934 1581 1998 [trem,

190 2017 270 2066 Ne
308 2017 535 2079 trepida:
575 2017 643 2076 di,
683 2020 817 2076 nate,
855 2017 987 2067 focis
1030 2015 1326 2080 genialibus
1363 2017 1548 2073 astant,
1631 2028 1648 2058 5

191 2097 598 2161 Castaneasque,
638 2113 736 2148 suo
764 2099 945 2161 prunis
983 2113 1101 2147 cum
1141 2097 1334 2147 cortice
1372 2098 1585 2145 torrent.

189 2179 321 2238 Illae,
360 2179 448 2228 ubi
476 2179 575 2229 sub
607 2180 779 2229 cinere
806 2179 1075 2229 ardentem
1103 2192 1312 2228 sensere
1338 2177 1581 2235 favillam,

191 2261 453 2323 Displosae
490 2262 772 2323 crepitant;
811 2262 931 2310 hinc
969 2263 1112 2309 tanta
1149 2260 1381 2309 tonitrua
1417 2258 1553 2308 coelo

194 2341 512 2404 Disiectique
551 2345 708 2391 ruunt
746 2343 908 2405 ignes.
947 2341 1123 2404 Caput
1160 2354 1323 2400 exere,
1363 2342 1496 2397 nate,

193 2422 258 2471 Di
298 2437 505 2471 mensas
542 2423 754 2485 liquere,
794 2437 965 2485 neque
1002 2425 1079 2471 est
1117 2424 1288 2470 metus
1326 2420 1462 2469 ullus
1498 2419 1563 2468 ab

1397 2501 1552 2564 [igne.
1614 2512 1653 2544 10

162 2649 178 2667 *
209 2649 340 2688 Pieno
370 2649 412 2687 di
452 2648 720 2687 naturalezza
748 2660 770 2687 e
800 2649 842 2687 di
871 2649 1120 2698 semplicita,
1152 2651 1306 2698 questo
1344 2647 1572 2697 quadretto
1609 2648 1651 2686 di

58 2726 229 2763 genere.
262 2704 291 2754 ii
322 2727 377 2754 un
409 2715 586 2764 dialogo
616 2718 679 2753 tra
708 2714 734 2753 il
771 2715 1034 2754 fanciulletto
1064 2715 1376 2764 Quinquennio
1406 2714 1484 2753 ela
1506 2715 1650 2753 madre

59 2781 231 2821 Pelvina
259 2781 335 2821 che
363 2782 406 2821 lo
435 2784 700 2829 ammaestra,
734 2781 1028 2831 rispondendo
1050 2781 1127 2820 alle
1148 2782 1334 2831 ingenue
1364 2781 1578 2820 domande
1608 2781 1649 2820 di

52 2847 126 2894 lui,
157 2859 179 2887 e
207 2847 250 2887 lo
284 2848 568 2887 addormenta
596 2847 729 2886 infine
759 2848 824 2886 col
855 2851 994 2887 canto.
