2002 3161
669 150 930 200 Criovanm·
962 153 1200 204 pontano
1623 158 1718 205 325

131 283 356 335 Selectas
393 278 566 335 dabat,
605 281 654 326 et
692 277 847 326 misto
887 278 1018 328 inter
1055 294 1254 330 cornua
1290 280 1419 330 flore

131 365 367 413 intexens
403 359 552 409 viridi
590 361 748 421 caput
785 358 1071 422 insignibat
1109 362 1349 410 acanthO.
1675 376 1717 407 65

128 446 251 494 Mox
288 444 403 505 ipso
441 440 615 489 infelix
652 454 796 502 puer,
835 440 950 502 ipso
989 442 1039 490 in
1079 444 1313 505 margine
1351 443 1499 492 laetos

127 526 303 574 Infelix
339 525 487 580 lavat,
526 525 574 570 et
610 522 824 569 vitream
864 521 1091 584 depectit
1129 523 1194 572 ad
1233 523 1428 572 undam

126 606 366 659 Rorantis
404 603 550 652 hudo
588 603 736 651 latice
774 605 931 665 atque
968 606 1245 668 aspergine
1283 620 1426 654 cana.

126 688 410 738 Senserunt
448 685 601 734 catuli
639 683 839 732 fontem
880 687 1083 734 notum.
1120 685 1199 734 Ah
1250 701 1394 749 puer,
1433 686 1496 735 ah
1536 700 1649 735 sors

124 770 249 818 Dira
286 768 460 817 deum.
500 766 689 816 Saliere
725 765 834 823 feri,
873 781 1204 830 puerumque
1242 767 1340 816 sub
1380 766 1550 816 undas
1673 780 1715 811 το

124 851 430 899 Traxerunt.
481 847 688 909 Terque
736 846 847 908 ipse
885 861 1043 896 manu
1094 846 1427 910 pedibusque
1472 847 1649 896 hume-

1454 929 1647 992 [risque

119 1012 388 1062 Obnitens
425 1010 665 1060 clamavit
702 1009 919 1058 herum:
960 1013 1036 1059 ter
1071 1010 1295 1060 candida
1321 1011 1448 1060 Nais

119 1093 230 1144 Ora
267 1108 426 1142 manu
464 1105 708 1155 pressans
747 1090 1004 1154 liquidum
1042 1092 1090 1140 vi
1127 1092 1278 1140 traxit
1315 1093 1364 1141 in
1404 1106 1628 1150 amnem,

118 1172 291 1236 Atque
328 1171 565 1234 amplexa
601 1171 709 1219 suis
746 1171 1063 1232 pavitantem
1102 1171 1284 1221 condit
1321 1172 1370 1220 in
1409 1173 1568 1222 antris

118 1255 426 1317 fulgentem
463 1255 637 1301 tamen
676 1265 783 1310 ora,
822 1251 1095 1315 oculisque
1132 1267 1392 1316 comaque
1429 1253 1612 1303 decen-

1437 1335 1572 1398 [tem.
1667 1348 1709 1379 ⁷5

117 1418 204 1467 1113
239 1417 453 1481 quidem
491 1430 657 1479 puero
695 1415 899 1465 fruitur.
939 1415 1040 1466 Sed
1077 1416 1212 1466 flava
1248 1417 1466 1480 Nychia,

118 1499 177 1548 Et
214 1499 376 1562 nigris
414 1497 608 1546 Eunice
645 1484 811 1545 oculis
849 1497 1198 1560 petulansque
1235 1512 1552 1561 procaxque,

114 1581 285 1645 Atque
324 1579 526 1629 umbrae
563 1579 712 1628 Melis
749 1582 1017 1638 consueta,
1055 1579 1296 1629 Adranea
1333 1594 1539 1629 recessu

115 1664 258 1713 Picta
294 1678 457 1726 genas
494 1662 750 1725 tortisque
787 1663 954 1711 cornis
989 1665 1039 1711 et
1076 1662 1218 1711 nuda
1255 1663 1489 1725 papillaS,

112 1743 186 1793 Ac
223 1758 365 1792 nune
402 1742 565 1791 multa
602 1756 699 1790 suo
737 1741 967 1791 fundens
1005 1743 1228 1805 suspiria
1264 1741 1439 1800 corde,
1663 1753 1706 1785 so

113 1824 414 1874 Tabescunt
453 1823 655 1872 miserae
694 1822 886 1871 invidia
923 1823 1231 1886 latitantque
1269 1823 1367 1873 sub
1396 1823 1570 1872 antris.

112 1905 321 1968 Septem
361 1905 503 1954 liaris
540 1905 803 1953 malesana
841 1903 968 1962 dies,
1008 1907 1208 1967 septem
1247 1905 1397 1953 anxia
1434 1904 1602 1952 noctis

111 1986 248 2036 Cum
291 2001 457 2049 puero
486 1986 755 2035 insomnes
782 1986 903 2048 agit,
932 1989 988 2034 ut
1014 2001 1186 2048 neque
1213 1988 1390 2048 pareat
1426 1984 1634 2041 amanti,

110 2066 221 2116 Nec
258 2070 434 2130 parcat
473 2081 679 2116 rursum
719 2066 831 2128 ipsa
869 2065 983 2124 sibi,
1022 2066 1113 2115 sed
1153 2065 1354 2128 perdita
1380 2070 1428 2114 et
1455 2079 1635 2114 amens

112 2149 326 2212 Deperit
363 2148 505 2197 illurn
544 2147 727 2206 oculis,
766 2148 957 2197 amenti
995 2151 1044 2196 et
1083 2147 1284 2210 deperit
1311 2162 1400 2195 ore
1659 2158 1701 2190 85

110 2230 344 2287 Perdita;
383 2245 506 2279 mox
544 2230 724 2279 clauso
764 2230 1016 2278 exanimis
1042 2229 1320 2278 collabitur
1356 2231 1521 2277 antro.

174 2311 267 2361 Ast
303 2312 459 2361 heros
496 2326 687 2360 somno
725 2312 922 2359 excitus
960 2311 1302 2373 pavitansque
1341 2309 1633 2371 dolensque

109 2393 313 2451 Quaerit
351 2393 538 2456 Hylan,
577 2392 868 2454 repetitque
906 2394 954 2440 et
1006 2391 1192 2454 l-lylan.
1241 2391 1472 2439 Nemora
1520 2390 1631 2438 avia

1456 2472 1631 2534 ssonge

108 2553 453 2616 Responsant‚
481 2553 772 2615 iterantque
798 2554 847 2601 et
875 2552 1059 2614 l-lylan.
1090 2551 1224 2600 Puer
1243 2550 1453 2601 abditus
1479 2554 1630 2600 antro

107 2636 220 2696 lpse
257 2633 469 2697 quidem
507 2647 761 2696 responsa
798 2632 976 2688 refert:
1015 2632 1106 2682 sed
1145 2633 1389 2695 nympha:
1428 2632 1520 2682 sed
1547 2647 1631 2681 an·

1465 2714 1561 2778 [tri,
1653 2725 1696 2758 90

105 2794 456 2858 Occlusaeque
493 2793 647 2849 fores,
685 2793 956 2857 molesque
996 2795 1236 2843 immanis
1272 2808 1525 2857 aquarum

108 2876 401 2926 Adversans
439 2874 720 2937 prohibent
757 2888 971 2937 superas
1010 2876 1262 2938 attingere
1298 2874 1362 2924 ad
1391 2889 1557 2925 auras„
