2002 3161
170 1051 294 1116 DA
352 1081 378 1108 «
414 1051 529 1116 DE
580 1051 907 1119 AMORE
961 1051 1466 1118 CONIUGALI
1503 1055 1583 1109 v*

457 1372 760 1423 ELEOEAM
798 1372 1272 1432 ALLOQUITUR.

737 1484 844 1529 (Lib.
879 1484 922 1529 1.‚
954 1483 1004 1533 1.)

77 1565 195 1614 Huc
231 1564 355 1615 ades
393 1569 442 1614 et
478 1565 700 1614 nitidum
740 1568 909 1628 myrto
945 1580 1226 1628 compesce
1264 1566 1526 1628 capillum,

143 1647 261 1695 Huc
299 1645 424 1696 ades
460 1647 674 1706 ornatis»,
716 1662 748 1696 o
788 1648 980 1710 Elegia,
1020 1647 1205 1706 cornis,

78 1730 238 1792 Inque
275 1742 465 1778 novam
502 1729 679 1778 venias
714 1729 856 1778 cultu
896 1729 1166 1792 praedivite
1203 1728 1445 1788 formam,

143 1810 277 1857 Laxa
312 1808 441 1858 fluat
478 1809 658 1858 niveos
692 1810 850 1859 vestis
888 1809 953 1858 ad
991 1824 1160 1873 usque
1197 1808 1375 1871 pedes.

78 1890 235 1939 Molle
273 1890 426 1939 micet
462 1893 645 1940 tenues
682 1891 813 1940 inter
851 1890 1052 1952 dilapsa
1089 1890 1309 1952 papillas
1649 1902 1668 1933 5

143 1969 280 2028 Quae
316 1970 504 2033 legitur
541 1970 720 2022 Rubro
757 1970 930 2020 lucida
966 1985 1176 2034 gemma
1214 1969 1360 2027 mari,

79 2051 281 2115 Perque
318 2051 567 2101 humeros
603 2052 698 2102 levi
737 2051 964 2102 demissa
1002 2051 1215 2101 monilia
1250 2051 1388 2100 collo

144 2132 473 2191 Addeceant3
511 2147 696 2183 aurum
734 2134 897 2183 serica
933 2133 1090 2183 vestis
1126 2134 1280 2182 amat.

182 2323 199 2341 ⁸
215 2324 269 2363 Le
287 2323 422 2374 elegie
441 2324 509 2364 dei
523 2325 606 2364 due
625 2324 721 2364 libri
738 2338 747 2364 :
772 2324 837 2364 De
854 2335 999 2363 amore
1015 2324 1238 2373 coniugali
1259 2322 1551 2372 riproducono
1573 2333 1673 2372 poe-

78 2390 299 2430 ticamente
320 2390 356 2429 le
375 2390 565 2437 vicende,
588 2402 664 2430 ora
681 2391 777 2430 liete
797 2402 872 2430 ora
892 2390 1014 2436 tristi,
1037 2390 1104 2429 del
1126 2392 1252 2440 poeta
1274 2387 1384 2428 nella
1403 2399 1480 2427 sua
1499 2388 1584 2427 vita
1603 2399 1672 2428 co·

79 2457 266 2507 niugale.
297 2456 414 2496 Sono
433 2459 537 2496 tutte
567 2457 609 2496 di
638 2468 723 2496 una
750 2457 906 2495 fattura
935 2456 1115 2506 squisita
1135 2467 1156 2495 e
1188 2455 1324 2494 ricche
1346 2454 1388 2493 di
1417 2455 1671 2494 sentimento

81 2522 191 2562 nella
216 2522 311 2562 loro
339 2522 534 2562 sincerita
563 2521 806 2562 affettuosa.

191 2590 233 2629 V.
267 2592 302 2629 1.
323 2589 366 2630 Si
386 2590 550 2640 rivolge
580 2589 631 2628 ad
663 2589 821 2640 Elegia,
845 2589 920 2628 che
949 2588 971 2627 ὲ
1000 2599 1084 2627 una
1116 2587 1227 2627 bella
1256 2586 1375 2626 ninfa
1405 2587 1514 2627 della
1543 2588 1671 2626 verde

83 2655 275 2702 Umbria,
308 2656 442 2705 patria
469 2655 534 2694 del
556 2655 766 2702 Pontano,
789 2656 829 2694 la
849 2654 974 2705 quale
995 2665 1089 2693 ama
1109 2653 1136 2692 il
1158 2654 1230 2692 dio
1252 2652 1424 2692 fluviale
1445 2652 1668 2693 Clitunno.

83 2721 294 2768 luvocata,
325 2732 418 2762 essa
445 2725 586 2762 esorta
615 2721 802 2761 Adriana
830 2720 1066 2771 (Ariadna),
1099 2719 1138 2759 la
1167 2719 1368 2758 fanciulla
1390 2718 1604 2758 fidanzata
1634 2719 1670 2758 al

81 2790 221 2838 poeta,
254 2798 278 2826 a
308 2799 395 2828 non
427 2798 576 2828 curare
605 2787 645 2827 la
675 2787 904 2833 ricchezza,
928 2786 980 2826 ad
1012 2797 1152 2825 amare
1172 2785 1211 2825 la
1239 2784 1475 2837 semplicita
1502 2796 1525 2824 e
1544 2784 1571 2824 il
1591 2796 1672 2825 suo

82 2855 267 2891 cantore.
