<?xml version="1.0" encoding="UTF-8"?>
<!DOCTYPE html PUBLIC "-//W3C//DTD XHTML 1.0 Transitional//EN"
    "http://www.w3.org/TR/xhtml1/DTD/xhtml1-transitional.dtd">
<html xmlns="http://www.w3.org/1999/xhtml" xml:lang="en" lang="en">
 <head>
  <title>
</title>
<meta http-equiv="Content-Type" content="text/html;charset=utf-8" />
  <meta name='ocr-system' content='tesseract 3.04.00' />
  <meta name='ocr-capabilities' content='ocr_page ocr_carea ocr_par ocr_line ocrx_word'/>
</head>
<body>
  <div class='ocr_page' id='page_1' title='image "./poetiumanistimag00griluoft_0214.png"; bbox 0 0 2002 3161; ppageno 0'>
   <div class='ocr_carea' id='block_1_1' title="bbox 272 234 1423 301">
    <p class='ocr_par' dir='ltr' id='par_1_1' title="bbox 272 234 1423 301">
     <span class='ocr_line' id='line_1_1' title="bbox 272 234 1423 301; baseline -0.008 -7"><span class='ocrx_word' id='word_1_1' title='bbox 272 245 362 294; x_wconf 87' lang='grc'><strong>182</strong></span> <span class='ocrx_word' id='word_1_2' title='bbox 697 239 849 289; x_wconf 76' lang='lat' dir='ltr'><strong>Poeti</strong></span> <span class='ocrx_word' id='word_1_3' title='bbox 883 237 1130 289; x_wconf 75' lang='lat' dir='ltr'><strong>amanistz&#39;</strong></span> <span class='ocrx_word' id='word_1_4' title='bbox 1163 234 1423 301; x_wconf 80' lang='lat' dir='ltr'><strong>maggiori</strong></span> 
     </span>
    </p>
   </div>
   <div class='ocr_carea' id='block_1_2' title="bbox 902 462 1217 513">
    <p class='ocr_par' dir='ltr' id='par_1_2' title="bbox 902 462 1217 513">
     <span class='ocr_line' id='line_1_2' title="bbox 902 462 1217 513; baseline -0.003 0"><span class='ocrx_word' id='word_1_5' title='bbox 902 462 1217 513; x_wconf 54' lang='lat' dir='ltr'><strong>SALlcl-:sff‘</strong></span> 
     </span>
    </p>
   </div>
   <div class='ocr_carea' id='block_1_3' title="bbox 264 593 1868 2368">
    <p class='ocr_par' dir='ltr' id='par_1_3' title="bbox 266 593 1621 660">
     <span class='ocr_line' id='line_1_3' title="bbox 266 593 1621 660; baseline -0.007 -8"><span class='ocrx_word' id='word_1_6' title='bbox 266 602 316 653; x_wconf 91' lang='lat' dir='ltr'><strong>Si</strong></span> <span class='ocrx_word' id='word_1_7' title='bbox 353 603 515 660; x_wconf 91' lang='lat' dir='ltr'><strong>vacat,</strong></span> <span class='ocrx_word' id='word_1_8' title='bbox 552 602 602 649; x_wconf 93' lang='lat' dir='ltr'><strong>et</strong></span> <span class='ocrx_word' id='word_1_9' title='bbox 638 596 864 647; x_wconf 92' lang='lat' dir='ltr'><strong>blandos</strong></span> <span class='ocrx_word' id='word_1_10' title='bbox 901 596 1188 645; x_wconf 83' lang='lat' dir='ltr'><strong>etiamnum</strong></span> <span class='ocrx_word' id='word_1_11' title='bbox 1224 594 1436 644; x_wconf 88' lang='lat' dir='ltr'><strong>ventilat</strong></span> <span class='ocrx_word' id='word_1_12' title='bbox 1472 593 1621 657; x_wconf 90' lang='lat' dir='ltr'><strong>ignes</strong></span> 
     </span>
    </p>

    <p class='ocr_par' dir='ltr' id='par_1_4' title="bbox 266 675 1781 742">
     <span class='ocr_line' id='line_1_4' title="bbox 266 675 1781 742; baseline -0.007 -8"><span class='ocrx_word' id='word_1_13' title='bbox 266 684 418 742; x_wconf 85' lang='lat' dir='ltr'><strong>Quae</strong></span> <span class='ocrx_word' id='word_1_14' title='bbox 455 682 567 731; x_wconf 92' lang='lat' dir='ltr'><strong>Dea</strong></span> <span class='ocrx_word' id='word_1_15' title='bbox 603 679 838 729; x_wconf 90' lang='lat' dir='ltr'><strong>caerulea</strong></span> <span class='ocrx_word' id='word_1_16' title='bbox 861 677 1066 726; x_wconf 88' lang='lat' dir='ltr'><strong>vehitur</strong></span> <span class='ocrx_word' id='word_1_17' title='bbox 1103 691 1260 739; x_wconf 90' lang='lat' dir='ltr'><strong>super</strong></span> <span class='ocrx_word' id='word_1_18' title='bbox 1296 689 1527 739; x_wconf 92' lang='lat' dir='ltr'><strong>aequora</strong></span> <span class='ocrx_word' id='word_1_19' title='bbox 1563 675 1781 734; x_wconf 90' lang='lat' dir='ltr'><strong>concha,</strong></span> 
     </span>
    </p>

    <p class='ocr_par' dir='ltr' id='par_1_5' title="bbox 266 756 1828 827">
     <span class='ocr_line' id='line_1_5' title="bbox 266 756 1828 827; baseline -0.006 -12"><span class='ocrx_word' id='word_1_20' title='bbox 266 765 707 827; x_wconf 88' lang='lat' dir='ltr'><strong>Turrigeramque</strong></span> <span class='ocrx_word' id='word_1_21' title='bbox 733 759 971 822; x_wconf 82' lang='lat' dir='ltr'>Paphon,</span> <span class='ocrx_word' id='word_1_22' title='bbox 999 758 1266 821; x_wconf 83' lang='lat' dir='ltr'>ditemque</span> <span class='ocrx_word' id='word_1_23' title='bbox 1292 756 1614 806; x_wconf 78' lang='lat' dir='ltr'><strong>Amathunta</strong></span> <span class='ocrx_word' id='word_1_24' title='bbox 1631 758 1828 805; x_wconf 89' lang='lat' dir='ltr'><strong>tuetur:</strong></span> 
     </span>
    </p>

    <p class='ocr_par' dir='ltr' id='par_1_6' title="bbox 264 835 1710 908">
     <span class='ocr_line' id='line_1_6' title="bbox 264 835 1710 908; baseline -0.008 -12"><span class='ocrx_word' id='word_1_25' title='bbox 264 846 456 908; x_wconf 74' lang='lat' dir='ltr'><strong>Accipe</strong></span> <span class='ocrx_word' id='word_1_26' title='bbox 491 842 770 892; x_wconf 80' lang='lat' dir='ltr'><strong>flumineas</strong></span> <span class='ocrx_word' id='word_1_27' title='bbox 807 842 1148 903; x_wconf 84' lang='lat' dir='ltr'><strong>properatum</strong></span> <span class='ocrx_word' id='word_1_28' title='bbox 1188 852 1398 888; x_wconf 89' lang='lat' dir='ltr'><strong>carmen</strong></span> <span class='ocrx_word' id='word_1_29' title='bbox 1437 836 1502 886; x_wconf 92' lang='lat' dir='ltr'><strong>ad</strong></span> <span class='ocrx_word' id='word_1_30' title='bbox 1540 835 1710 886; x_wconf 91' lang='lat' dir='ltr'><strong>undas</strong></span> 
     </span>
    </p>

    <p class='ocr_par' dir='ltr' id='par_1_7' title="bbox 264 917 1860 983">
     <span class='ocr_line' id='line_1_7' title="bbox 264 917 1860 983; baseline -0.009 -7"><span class='ocrx_word' id='word_1_31' title='bbox 264 927 316 978; x_wconf 92' lang='lat' dir='ltr'>O</span> <span class='ocrx_word' id='word_1_32' title='bbox 354 925 478 976; x_wconf 89' lang='lat' dir='ltr'><strong>mihi</strong></span> <span class='ocrx_word' id='word_1_33' title='bbox 516 938 624 973; x_wconf 91' lang='lat' dir='ltr'><strong>non</strong></span> <span class='ocrx_word' id='word_1_34' title='bbox 663 921 840 981; x_wconf 90' lang='lat' dir='ltr'><strong>dubia,</strong></span> <span class='ocrx_word' id='word_1_35' title='bbox 879 920 1136 979; x_wconf 88' lang='lat' dir='ltr'><strong>Cabanili,</strong></span> <span class='ocrx_word' id='word_1_36' title='bbox 1175 919 1388 983; x_wconf 87' lang='lat' dir='ltr'><strong>cognite</strong></span> <span class='ocrx_word' id='word_1_37' title='bbox 1424 917 1579 976; x_wconf 81' lang='lat' dir='ltr'><strong>fama,</strong></span> <span class='ocrx_word' id='word_1_38' title='bbox 1842 929 1860 960; x_wconf 88' lang='lat'><strong>5</strong></span> 
     </span>
    </p>

    <p class='ocr_par' dir='ltr' id='par_1_8' title="bbox 266 1003 1564 1070">
     <span class='ocr_line' id='line_1_8' title="bbox 266 1003 1564 1070; baseline -0.008 -12"><span class='ocrx_word' id='word_1_39' title='bbox 266 1007 368 1059; x_wconf 90' lang='lat' dir='ltr'><strong>Sed</strong></span> <span class='ocrx_word' id='word_1_40' title='bbox 405 1007 564 1070; x_wconf 86' lang='lat' dir='ltr'><strong>longe</strong></span> <span class='ocrx_word' id='word_1_41' title='bbox 600 1005 772 1054; x_wconf 90' lang='lat' dir='ltr'><strong>varios</strong></span> <span class='ocrx_word' id='word_1_42' title='bbox 809 1017 983 1052; x_wconf 90' lang='lat' dir='ltr'><strong>rerum</strong></span> <span class='ocrx_word' id='word_1_43' title='bbox 1022 1003 1254 1064; x_wconf 90' lang='lat' dir='ltr'><strong>spectate</strong></span> <span class='ocrx_word' id='word_1_44' title='bbox 1292 1014 1384 1063; x_wconf 91' lang='lat' dir='ltr'><strong>per</strong></span> <span class='ocrx_word' id='word_1_45' title='bbox 1420 1013 1564 1049; x_wconf 92' lang='lat' dir='ltr'><strong>usus.</strong></span> 
     </span>
    </p>

    <p class='ocr_par' dir='ltr' id='par_1_9' title="bbox 264 1077 1573 1136">
     <span class='ocr_line' id='line_1_9' title="bbox 264 1077 1573 1136; baseline -0.008 0"><span class='ocrx_word' id='word_1_46' title='bbox 264 1086 401 1136; x_wconf 90' lang='lat' dir='ltr'><strong>Nam</strong></span> <span class='ocrx_word' id='word_1_47' title='bbox 438 1084 530 1134; x_wconf 92' lang='lat' dir='ltr'><strong>tibi</strong></span> <span class='ocrx_word' id='word_1_48' title='bbox 569 1097 652 1133; x_wconf 89' lang='lat' dir='ltr'><strong>me</strong></span> <span class='ocrx_word' id='word_1_49' title='bbox 689 1081 876 1131; x_wconf 92' lang='lat' dir='ltr'><strong>doctae</strong></span> <span class='ocrx_word' id='word_1_50' title='bbox 913 1081 986 1130; x_wconf 92' lang='lat' dir='ltr'><strong>sic</strong></span> <span class='ocrx_word' id='word_1_51' title='bbox 1024 1079 1300 1129; x_wconf 85' lang='lat' dir='ltr'><strong>devinxere</strong></span> <span class='ocrx_word' id='word_1_52' title='bbox 1338 1077 1573 1136; x_wconf 81' lang='lat' dir='ltr'><strong>SororeS‚</strong></span> 
     </span>
    </p>

    <p class='ocr_par' dir='ltr' id='par_1_10' title="bbox 265 1161 1470 1225">
     <span class='ocr_line' id='line_1_10' title="bbox 265 1161 1470 1225; baseline -0.008 -8"><span class='ocrx_word' id='word_1_53' title='bbox 265 1166 348 1217; x_wconf 88' lang='lat' dir='ltr'><strong>Sic</strong></span> <span class='ocrx_word' id='word_1_54' title='bbox 384 1180 499 1215; x_wconf 93' lang='lat' dir='ltr'><strong>mea</strong></span> <span class='ocrx_word' id='word_1_55' title='bbox 534 1164 668 1213; x_wconf 78' lang='lat' dir='ltr'><strong>felici</strong></span> <span class='ocrx_word' id='word_1_56' title='bbox 706 1161 1034 1225; x_wconf 89' lang='lat' dir='ltr'><strong>permulcent</strong></span> <span class='ocrx_word' id='word_1_57' title='bbox 1071 1163 1284 1223; x_wconf 87' lang='lat' dir='ltr'><strong>pectora</strong></span> <span class='ocrx_word' id='word_1_58' title='bbox 1321 1173 1470 1208; x_wconf 91' lang='lat' dir='ltr'><strong>cura:</strong></span> 
     </span>
    </p>

    <p class='ocr_par' dir='ltr' id='par_1_11' title="bbox 265 1239 1540 1308">
     <span class='ocr_line' id='line_1_11' title="bbox 265 1239 1540 1308; baseline -0.008 -10"><span class='ocrx_word' id='word_1_59' title='bbox 265 1249 337 1299; x_wconf 89' lang='lat' dir='ltr'><strong>Ut</strong></span> <span class='ocrx_word' id='word_1_60' title='bbox 372 1247 456 1296; x_wconf 90' lang='lat' dir='ltr'><strong>vix</strong></span> <span class='ocrx_word' id='word_1_61' title='bbox 493 1246 595 1295; x_wconf 93' lang='lat' dir='ltr'><strong>ulla</strong></span> <span class='ocrx_word' id='word_1_62' title='bbox 632 1259 822 1308; x_wconf 88' lang='lat' dir='ltr'><strong>queam</strong></span> <span class='ocrx_word' id='word_1_63' title='bbox 860 1242 1092 1292; x_wconf 83' lang='lat' dir='ltr'><strong>melioris</strong></span> <span class='ocrx_word' id='word_1_64' title='bbox 1130 1245 1370 1304; x_wconf 90' lang='lat' dir='ltr'><strong>tempora</strong></span> <span class='ocrx_word' id='word_1_65' title='bbox 1405 1239 1540 1288; x_wconf 89' lang='lat' dir='ltr'><strong>vitae</strong></span> 
     </span>
    </p>

    <p class='ocr_par' dir='ltr' id='par_1_12' title="bbox 267 1320 1868 1388">
     <span class='ocr_line' id='line_1_12' title="bbox 267 1320 1868 1388; baseline -0.007 -10"><span class='ocrx_word' id='word_1_66' title='bbox 267 1329 342 1378; x_wconf 90' lang='lat' dir='ltr'><strong>Te</strong></span> <span class='ocrx_word' id='word_1_67' title='bbox 377 1328 504 1386; x_wconf 92' lang='lat' dir='ltr'><strong>sine,</strong></span> <span class='ocrx_word' id='word_1_68' title='bbox 540 1326 623 1375; x_wconf 87' lang='lat' dir='ltr'><strong>vix</strong></span> <span class='ocrx_word' id='word_1_69' title='bbox 660 1323 897 1388; x_wconf 91' lang='lat' dir='ltr'><strong>placidos</strong></span> <span class='ocrx_word' id='word_1_70' title='bbox 923 1338 1014 1386; x_wconf 93' lang='lat' dir='ltr'><strong>per</strong></span> <span class='ocrx_word' id='word_1_71' title='bbox 1041 1325 1250 1372; x_wconf 89' lang='lat' dir='ltr'><strong>noctem</strong></span> <span class='ocrx_word' id='word_1_72' title='bbox 1279 1320 1472 1370; x_wconf 89' lang='lat' dir='ltr'><strong>ducere</strong></span> <span class='ocrx_word' id='word_1_73' title='bbox 1499 1333 1733 1369; x_wconf 84' lang='lat' dir='ltr'><strong>somnos.</strong></span> <span class='ocrx_word' id='word_1_74' title='bbox 1828 1329 1868 1360; x_wconf 86' lang='lat'><strong>10</strong></span> 
     </span>
    </p>

    <p class='ocr_par' dir='ltr' id='par_1_13' title="bbox 267 1400 1646 1472">
     <span class='ocr_line' id='line_1_13' title="bbox 267 1400 1646 1472; baseline -0.007 -13"><span class='ocrx_word' id='word_1_75' title='bbox 267 1410 343 1459; x_wconf 84' lang='lat' dir='ltr'><strong>En</strong></span> <span class='ocrx_word' id='word_1_76' title='bbox 380 1407 625 1472; x_wconf 86' lang='lat' dir='ltr'><strong>agedum,</strong></span> <span class='ocrx_word' id='word_1_77' title='bbox 663 1406 902 1470; x_wconf 74' lang='lat' dir='ltr'><strong>Traiane,</strong></span> <span class='ocrx_word' id='word_1_78' title='bbox 941 1405 1043 1453; x_wconf 91' lang='lat' dir='ltr'><strong>tuis</strong></span> <span class='ocrx_word' id='word_1_79' title='bbox 1080 1404 1208 1453; x_wconf 83' lang='lat' dir='ltr'><strong>haec</strong></span> <span class='ocrx_word' id='word_1_80' title='bbox 1245 1402 1452 1465; x_wconf 89' lang='lat' dir='ltr'><strong>praevia</strong></span> <span class='ocrx_word' id='word_1_81' title='bbox 1488 1400 1646 1465; x_wconf 83' lang='lat' dir='ltr'><strong>jussis</strong></span> 
     </span>
    </p>

    <p class='ocr_par' dir='ltr' id='par_1_14' title="bbox 268 1483 1633 1554">
     <span class='ocr_line' id='line_1_14' title="bbox 268 1483 1633 1554; baseline -0.008 -12"><span class='ocrx_word' id='word_1_82' title='bbox 268 1491 547 1549; x_wconf 90' lang='lat' dir='ltr'><strong>Tractanti‚</strong></span> <span class='ocrx_word' id='word_1_83' title='bbox 583 1491 688 1554; x_wconf 70' lang='lat' dir='ltr'><strong>iam</strong></span> <span class='ocrx_word' id='word_1_84' title='bbox 725 1489 938 1553; x_wconf 83' lang='lat' dir='ltr'><strong>jamque</strong></span> <span class='ocrx_word' id='word_1_85' title='bbox 976 1487 1154 1537; x_wconf 91' lang='lat' dir='ltr'><strong>animo</strong></span> <span class='ocrx_word' id='word_1_86' title='bbox 1192 1485 1394 1549; x_wconf 83' lang='lat' dir='ltr'><strong>majora</strong></span> <span class='ocrx_word' id='word_1_87' title='bbox 1432 1483 1633 1546; x_wconf 89' lang='lat' dir='ltr'><strong>paranti</strong></span> 
     </span>
    </p>

    <p class='ocr_par' dir='ltr' id='par_1_15' title="bbox 267 1565 1712 1711">
     <span class='ocr_line' id='line_1_15' title="bbox 267 1565 1687 1631; baseline -0.007 -8"><span class='ocrx_word' id='word_1_88' title='bbox 267 1573 348 1623; x_wconf 89' lang='lat' dir='ltr'><strong>Da</strong></span> <span class='ocrx_word' id='word_1_89' title='bbox 382 1573 604 1630; x_wconf 86' lang='lat' dir='ltr'><strong>veniam,</strong></span> <span class='ocrx_word' id='word_1_90' title='bbox 640 1573 690 1620; x_wconf 94' lang='lat' dir='ltr'><strong>et</strong></span> <span class='ocrx_word' id='word_1_91' title='bbox 725 1573 908 1619; x_wconf 89' lang='lat' dir='ltr'><strong>tenues</strong></span> <span class='ocrx_word' id='word_1_92' title='bbox 946 1583 1010 1618; x_wconf 90' lang='lat' dir='ltr'><strong>ne</strong></span> <span class='ocrx_word' id='word_1_93' title='bbox 1048 1567 1336 1631; x_wconf 87' lang='lat' dir='ltr'><strong>dedignare</strong></span> <span class='ocrx_word' id='word_1_94' title='bbox 1373 1565 1687 1616; x_wconf 88' lang='lat' dir='ltr'><strong>Camoenas.</strong></span> 
     </span>
     <span class='ocr_line' id='line_1_16' title="bbox 335 1647 1712 1711; baseline -0.007 -7"><span class='ocrx_word' id='word_1_95' title='bbox 335 1655 487 1704; x_wconf 82' lang='lat' dir='ltr'><strong>Forte</strong></span> <span class='ocrx_word' id='word_1_96' title='bbox 523 1654 654 1702; x_wconf 91' lang='lat' dir='ltr'><strong>inter</strong></span> <span class='ocrx_word' id='word_1_97' title='bbox 689 1651 893 1711; x_wconf 92' lang='lat' dir='ltr'><strong>virides,</strong></span> <span class='ocrx_word' id='word_1_98' title='bbox 932 1651 972 1700; x_wconf 93' lang='lat' dir='ltr'><strong>si</strong></span> <span class='ocrx_word' id='word_1_99' title='bbox 1008 1664 1129 1699; x_wconf 89' lang='lat' dir='ltr'><strong>vera</strong></span> <span class='ocrx_word' id='word_1_100' title='bbox 1164 1651 1241 1698; x_wconf 92' lang='lat' dir='ltr'><strong>est</strong></span> <span class='ocrx_word' id='word_1_101' title='bbox 1276 1648 1429 1707; x_wconf 83' lang='lat' dir='ltr'><strong>fama,</strong></span> <span class='ocrx_word' id='word_1_102' title='bbox 1467 1647 1712 1711; x_wconf 80' lang='lat' dir='ltr'><strong>genistaS,</strong></span> 
     </span>
    </p>

    <p class='ocr_par' dir='ltr' id='par_1_16' title="bbox 267 1727 1866 1799">
     <span class='ocr_line' id='line_1_17' title="bbox 267 1727 1866 1799; baseline -0.008 -13"><span class='ocrx_word' id='word_1_103' title='bbox 267 1734 593 1799; x_wconf 89' lang='lat' dir='ltr'><strong>Capripedes</strong></span> <span class='ocrx_word' id='word_1_104' title='bbox 631 1732 809 1796; x_wconf 89' lang='lat' dir='ltr'><strong>Satyri,</strong></span> <span class='ocrx_word' id='word_1_105' title='bbox 849 1731 1150 1794; x_wconf 84' lang='lat' dir='ltr'><strong>passimque</strong></span> <span class='ocrx_word' id='word_1_106' title='bbox 1187 1729 1409 1793; x_wconf 88' lang='lat' dir='ltr'><strong>agrestia</strong></span> <span class='ocrx_word' id='word_1_107' title='bbox 1435 1727 1603 1776; x_wconf 77' lang='lat' dir='ltr'><strong>Panes</strong></span> <span class='ocrx_word' id='word_1_108' title='bbox 1829 1736 1866 1768; x_wconf 82' lang='lat'><strong>1⁵</strong></span> 
     </span>
    </p>

    <p class='ocr_par' dir='ltr' id='par_1_17' title="bbox 268 1809 1600 1874">
     <span class='ocr_line' id='line_1_18' title="bbox 268 1809 1600 1874; baseline -0.008 -7"><span class='ocrx_word' id='word_1_109' title='bbox 268 1817 500 1867; x_wconf 90' lang='lat' dir='ltr'><strong>Numina</strong></span> <span class='ocrx_word' id='word_1_110' title='bbox 536 1830 655 1865; x_wconf 91' lang='lat' dir='ltr'><strong>cum</strong></span> <span class='ocrx_word' id='word_1_111' title='bbox 696 1813 886 1863; x_wconf 83' lang='lat' dir='ltr'><strong>Faunis</strong></span> <span class='ocrx_word' id='word_1_112' title='bbox 923 1816 972 1862; x_wconf 90' lang='lat' dir='ltr'><strong>et</strong></span> <span class='ocrx_word' id='word_1_113' title='bbox 1010 1811 1326 1874; x_wconf 89' lang='lat' dir='ltr'><strong>montivagis</strong></span> <span class='ocrx_word' id='word_1_114' title='bbox 1363 1809 1600 1867; x_wconf 86' lang='lat' dir='ltr'><strong>Silvanis,</strong></span> 
     </span>
    </p>

    <p class='ocr_par' dir='ltr' id='par_1_18' title="bbox 267 1889 1539 1955">
     <span class='ocr_line' id='line_1_19' title="bbox 267 1889 1539 1955; baseline -0.007 -7"><span class='ocrx_word' id='word_1_115' title='bbox 267 1899 480 1947; x_wconf 85' lang='lat' dir='ltr'><strong>Exercet</strong></span> <span class='ocrx_word' id='word_1_116' title='bbox 517 1896 644 1945; x_wconf 93' lang='lat' dir='ltr'><strong>dum</strong></span> <span class='ocrx_word' id='word_1_117' title='bbox 685 1894 771 1945; x_wconf 88' lang='lat' dir='ltr'><strong>Sol</strong></span> <span class='ocrx_word' id='word_1_118' title='bbox 811 1908 995 1943; x_wconf 91' lang='lat' dir='ltr'><strong>raucas</strong></span> <span class='ocrx_word' id='word_1_119' title='bbox 1033 1907 1124 1955; x_wconf 88' lang='lat' dir='ltr'><strong>per</strong></span> <span class='ocrx_word' id='word_1_120' title='bbox 1161 1906 1281 1941; x_wconf 91' lang='lat' dir='ltr'><strong>rura</strong></span> <span class='ocrx_word' id='word_1_121' title='bbox 1317 1889 1539 1949; x_wconf 82' lang='lat' dir='ltr'><strong>cicadaS‚</strong></span> 
     </span>
    </p>

    <p class='ocr_par' dir='ltr' id='par_1_19' title="bbox 267 1970 1581 2038">
     <span class='ocr_line' id='line_1_20' title="bbox 267 1970 1581 2038; baseline -0.008 -9"><span class='ocrx_word' id='word_1_122' title='bbox 267 1978 514 2028; x_wconf 89' lang='lat' dir='ltr'><strong>Vitabant</strong></span> <span class='ocrx_word' id='word_1_123' title='bbox 550 1978 739 2034; x_wconf 82' lang='lat' dir='ltr'><strong>aestuS‚</strong></span> <span class='ocrx_word' id='word_1_124' title='bbox 778 1989 883 2038; x_wconf 94' lang='lat' dir='ltr'><strong>qua</strong></span> <span class='ocrx_word' id='word_1_125' title='bbox 921 1973 1138 2037; x_wconf 91' lang='lat' dir='ltr'><strong>pinguia</strong></span> <span class='ocrx_word' id='word_1_126' title='bbox 1175 1972 1313 2021; x_wconf 88' lang='lat' dir='ltr'><strong>culta</strong></span> <span class='ocrx_word' id='word_1_127' title='bbox 1348 1970 1581 2020; x_wconf 88' lang='lat' dir='ltr'><strong>vadosus</strong></span> 
     </span>
    </p>

    <p class='ocr_par' dir='ltr' id='par_1_20' title="bbox 268 2052 1665 2125">
     <span class='ocr_line' id='line_1_21' title="bbox 268 2052 1665 2125; baseline -0.007 -15"><span class='ocrx_word' id='word_1_128' title='bbox 268 2061 461 2125; x_wconf 89' lang='lat' dir='ltr'><strong>Irrigat,</strong></span> <span class='ocrx_word' id='word_1_129' title='bbox 499 2062 547 2108; x_wconf 92' lang='lat' dir='ltr'><strong>et</strong></span> <span class='ocrx_word' id='word_1_130' title='bbox 585 2057 796 2121; x_wconf 87' lang='lat' dir='ltr'><strong>placido</strong></span> <span class='ocrx_word' id='word_1_131' title='bbox 835 2070 991 2105; x_wconf 90' lang='lat' dir='ltr'><strong>cursu</strong></span> <span class='ocrx_word' id='word_1_132' title='bbox 1030 2055 1157 2118; x_wconf 86' lang='lat' dir='ltr'><strong>petit</strong></span> <span class='ocrx_word' id='word_1_133' title='bbox 1193 2067 1426 2117; x_wconf 90' lang='lat' dir='ltr'><strong>aequora</strong></span> <span class='ocrx_word' id='word_1_134' title='bbox 1454 2052 1665 2102; x_wconf 86' lang='lat' dir='ltr'><strong>Sarnus.</strong></span> 
     </span>
    </p>

    <p class='ocr_par' dir='ltr' id='par_1_21' title="bbox 269 2133 1866 2205">
     <span class='ocr_line' id='line_1_22' title="bbox 269 2133 1866 2205; baseline -0.009 -12"><span class='ocrx_word' id='word_1_135' title='bbox 269 2142 433 2192; x_wconf 82' lang='lat' dir='ltr'><strong>Grata</strong></span> <span class='ocrx_word' id='word_1_136' title='bbox 469 2142 617 2205; x_wconf 90' lang='lat' dir='ltr'><strong>quies</strong></span> <span class='ocrx_word' id='word_1_137' title='bbox 653 2153 931 2189; x_wconf 90' lang='lat' dir='ltr'><strong>nemorum</strong></span> <span class='ocrx_word' id='word_1_138' title='bbox 973 2135 1307 2186; x_wconf 90' lang='lat' dir='ltr'><strong>manantibus</strong></span> <span class='ocrx_word' id='word_1_139' title='bbox 1335 2133 1569 2197; x_wconf 91' lang='lat' dir='ltr'><strong>undique</strong></span> <span class='ocrx_word' id='word_1_140' title='bbox 1595 2133 1732 2190; x_wconf 82' lang='lat' dir='ltr'><strong>riviS,</strong></span> <span class='ocrx_word' id='word_1_141' title='bbox 1825 2143 1866 2173; x_wconf 81' lang='lat'><strong>20</strong></span> 
     </span>
    </p>

    <p class='ocr_par' dir='ltr' id='par_1_22' title="bbox 270 2215 1631 2286">
     <span class='ocr_line' id='line_1_23' title="bbox 270 2215 1631 2286; baseline -0.008 -12"><span class='ocrx_word' id='word_1_142' title='bbox 270 2226 330 2275; x_wconf 80' lang='lat' dir='ltr'><strong>Et</strong></span> <span class='ocrx_word' id='word_1_143' title='bbox 368 2223 618 2286; x_wconf 89' lang='lat' dir='ltr'><strong>Zephyris</strong></span> <span class='ocrx_word' id='word_1_144' title='bbox 656 2220 846 2270; x_wconf 89' lang='lat' dir='ltr'><strong>densas</strong></span> <span class='ocrx_word' id='word_1_145' title='bbox 883 2220 1014 2268; x_wconf 90' lang='lat' dir='ltr'><strong>inter</strong></span> <span class='ocrx_word' id='word_1_146' title='bbox 1051 2216 1428 2280; x_wconf 88' lang='lat' dir='ltr'><strong>crepitantibus</strong></span> <span class='ocrx_word' id='word_1_147' title='bbox 1465 2215 1631 2264; x_wconf 88' lang='lat' dir='ltr'><strong>alnos.</strong></span> 
     </span>
    </p>

    <p class='ocr_par' dir='ltr' id='par_1_23' title="bbox 270 2296 1779 2368">
     <span class='ocr_line' id='line_1_24' title="bbox 270 2296 1779 2368; baseline -0.007 -12"><span class='ocrx_word' id='word_1_148' title='bbox 270 2307 520 2368; x_wconf 90' lang='lat' dir='ltr'><strong>Dumque</strong></span> <span class='ocrx_word' id='word_1_149' title='bbox 556 2305 694 2359; x_wconf 78' lang='lat' dir='ltr'><strong>leves</strong></span> <span class='ocrx_word' id='word_1_150' title='bbox 731 2305 910 2364; x_wconf 90' lang='lat' dir='ltr'><strong>aptant</strong></span> <span class='ocrx_word' id='word_1_151' title='bbox 947 2300 1194 2358; x_wconf 91' lang='lat' dir='ltr'><strong>calamos,</strong></span> <span class='ocrx_word' id='word_1_152' title='bbox 1232 2298 1358 2348; x_wconf 90' lang='lat' dir='ltr'><strong>dum</strong></span> <span class='ocrx_word' id='word_1_153' title='bbox 1398 2298 1548 2348; x_wconf 92' lang='lat' dir='ltr'><strong>sibila</strong></span> <span class='ocrx_word' id='word_1_154' title='bbox 1585 2296 1779 2359; x_wconf 89' lang='lat' dir='ltr'><strong>pressis</strong></span> 
     </span>
    </p>
   </div>
   <div class='ocr_carea' id='block_1_4' title="bbox 270 2478 1869 2993">
    <p class='ocr_par' dir='ltr' id='par_1_24' title="bbox 270 2478 1869 2800">
     <span class='ocr_line' id='line_1_25' title="bbox 374 2478 1867 2537; baseline -0.007 -9"><span class='ocrx_word' id='word_1_155' title='bbox 374 2488 391 2506; x_wconf 81' lang='grc'>*</span> <span class='ocrx_word' id='word_1_156' title='bbox 419 2488 585 2534; x_wconf 86' lang='lat' dir='ltr'><strong>Questo</strong></span> <span class='ocrx_word' id='word_1_157' title='bbox 615 2487 814 2537; x_wconf 87' lang='lat' dir='ltr'><strong>grazioso</strong></span> <span class='ocrx_word' id='word_1_158' title='bbox 851 2485 1048 2535; x_wconf 90' lang='lat' dir='ltr'><strong>episodio</strong></span> <span class='ocrx_word' id='word_1_159' title='bbox 1084 2484 1193 2523; x_wconf 91' lang='lat' dir='ltr'><strong>delle</strong></span> <span class='ocrx_word' id='word_1_160' title='bbox 1223 2482 1352 2522; x_wconf 85' lang='lat' dir='ltr'><strong>Ninfe</strong></span> <span class='ocrx_word' id='word_1_161' title='bbox 1382 2484 1607 2521; x_wconf 88' lang='lat' dir='ltr'><strong>tramutate</strong></span> <span class='ocrx_word' id='word_1_162' title='bbox 1645 2480 1686 2519; x_wconf 90' lang='lat' dir='ltr'><strong>in</strong></span> <span class='ocrx_word' id='word_1_163' title='bbox 1726 2478 1867 2523; x_wconf 85' lang='lat' dir='ltr'><strong>Salici,</strong></span> 
     </span>
     <span class='ocr_line' id='line_1_26' title="bbox 272 2545 1869 2598; baseline -0.007 -4"><span class='ocrx_word' id='word_1_164' title='bbox 272 2555 314 2593; x_wconf 91' lang='lat' dir='ltr'><strong>di</strong></span> <span class='ocrx_word' id='word_1_165' title='bbox 341 2554 497 2593; x_wconf 82' lang='lat' dir='ltr'><strong>fattura</strong></span> <span class='ocrx_word' id='word_1_166' title='bbox 525 2552 837 2597; x_wconf 87' lang='lat' dir='ltr'><strong>delicatissima,</strong></span> <span class='ocrx_word' id='word_1_167' title='bbox 880 2551 956 2590; x_wconf 88' lang='lat' dir='ltr'><strong>che</strong></span> <span class='ocrx_word' id='word_1_168' title='bbox 992 2553 1115 2589; x_wconf 89' lang='lat' dir='ltr'><strong>trova</strong></span> <span class='ocrx_word' id='word_1_169' title='bbox 1153 2548 1440 2598; x_wconf 89' lang='lat' dir='ltr'><strong>rispondenza</strong></span> <span class='ocrx_word' id='word_1_170' title='bbox 1474 2545 1587 2585; x_wconf 89' lang='lat' dir='ltr'><strong>nella</strong></span> <span class='ocrx_word' id='word_1_171' title='bbox 1617 2545 1869 2596; x_wconf 88' lang='lat' dir='ltr'><strong>precedente</strong></span> 
     </span>
     <span class='ocr_line' id='line_1_27' title="bbox 270 2609 1868 2669; baseline -0.007 -10"><span class='ocrx_word' id='word_1_172' title='bbox 270 2620 407 2669; x_wconf 88' lang='lat' dir='ltr'><strong>elegia</strong></span> <span class='ocrx_word' id='word_1_173' title='bbox 425 2620 532 2669; x_wconf 88' lang='lat' dir='ltr'><strong>(Lib.</strong></span> <span class='ocrx_word' id='word_1_174' title='bbox 558 2620 606 2664; x_wconf 90' lang='lat'><strong>11,</strong></span> <span class='ocrx_word' id='word_1_175' title='bbox 637 2618 677 2668; x_wconf 88' lang='lat'><strong>4)</strong></span> <span class='ocrx_word' id='word_1_176' title='bbox 700 2632 708 2657; x_wconf 74' lang='grc' dir='ltr'>ε</span> <span class='ocrx_word' id='word_1_177' title='bbox 741 2618 788 2656; x_wconf 85' lang='lat' dir='ltr'><strong>Itz</strong></span> <span class='ocrx_word' id='word_1_178' title='bbox 818 2628 981 2656; x_wconf 80' lang='lat' dir='ltr'><strong>morum</strong></span> <span class='ocrx_word' id='word_1_179' title='bbox 1010 2615 1248 2662; x_wconf 81' lang='lat' dir='ltr'><strong>candidam,</strong></span> <span class='ocrx_word' id='word_1_180' title='bbox 1280 2614 1303 2652; x_wconf 80' lang='grc' dir='ltr'>ὲ</span> <span class='ocrx_word' id='word_1_181' title='bbox 1332 2613 1443 2652; x_wconf 88' lang='lat' dir='ltr'><strong>nella</strong></span> <span class='ocrx_word' id='word_1_182' title='bbox 1471 2611 1711 2652; x_wconf 89' lang='lat' dir='ltr'><strong>cominiana</strong></span> <span class='ocrx_word' id='word_1_183' title='bbox 1739 2609 1868 2649; x_wconf 93' lang='lat' dir='ltr'><strong>collo-</strong></span> 
     </span>
     <span class='ocr_line' id='line_1_28' title="bbox 271 2678 1867 2734; baseline -0.007 -9"><span class='ocrx_word' id='word_1_184' title='bbox 271 2689 365 2724; x_wconf 87' lang='lat' dir='ltr'><strong>cato</strong></span> <span class='ocrx_word' id='word_1_185' title='bbox 385 2685 502 2734; x_wconf 89' lang='lat' dir='ltr'><strong>dopo</strong></span> <span class='ocrx_word' id='word_1_186' title='bbox 521 2685 559 2723; x_wconf 91' lang='lat' dir='ltr'><strong>le</strong></span> <span class='ocrx_word' id='word_1_187' title='bbox 576 2684 866 2723; x_wconf 74' lang='lat' dir='ltr'><strong>Piscator-iae:</strong></span> <span class='ocrx_word' id='word_1_188' title='bbox 895 2682 936 2720; x_wconf 89' lang='lat' dir='ltr'><strong>in</strong></span> <span class='ocrx_word' id='word_1_189' title='bbox 959 2682 1061 2720; x_wconf 90' lang='lat' dir='ltr'><strong>altre</strong></span> <span class='ocrx_word' id='word_1_190' title='bbox 1081 2680 1281 2726; x_wconf 91' lang='lat' dir='ltr'><strong>edizioni,</strong></span> <span class='ocrx_word' id='word_1_191' title='bbox 1306 2680 1465 2724; x_wconf 90' lang='lat' dir='ltr'><strong>invece,</strong></span> <span class='ocrx_word' id='word_1_192' title='bbox 1487 2678 1610 2716; x_wconf 84' lang='lat' dir='ltr'><strong>viene</strong></span> <span class='ocrx_word' id='word_1_193' title='bbox 1639 2679 1867 2726; x_wconf 87' lang='lat' dir='ltr'><strong>assegnato</strong></span> 
     </span>
     <span class='ocr_line' id='line_1_29' title="bbox 273 2746 1521 2800; baseline -0.006 -11"><span class='ocrx_word' id='word_1_194' title='bbox 273 2751 343 2800; x_wconf 77' lang='lat' dir='ltr'><strong>piix</strong></span> <span class='ocrx_word' id='word_1_195' title='bbox 374 2750 781 2800; x_wconf 88' lang='lat' dir='ltr'><strong>ragionevolmente,</strong></span> <span class='ocrx_word' id='word_1_196' title='bbox 814 2761 837 2787; x_wconf 93' lang='lat' dir='ltr'><strong>a</strong></span> <span class='ocrx_word' id='word_1_197' title='bbox 867 2748 952 2786; x_wconf 91' lang='lat' dir='ltr'><strong>mio</strong></span> <span class='ocrx_word' id='word_1_198' title='bbox 983 2747 1144 2792; x_wconf 86' lang='lat' dir='ltr'><strong>avviso,</strong></span> <span class='ocrx_word' id='word_1_199' title='bbox 1176 2747 1215 2785; x_wconf 91' lang='lat' dir='ltr'><strong>ai</strong></span> <span class='ocrx_word' id='word_1_200' title='bbox 1245 2746 1521 2794; x_wconf 81' lang='lat' dir='ltr'><strong>Fragmenta.</strong></span> 
     </span>
    </p>

    <p class='ocr_par' dir='ltr' id='par_1_25' title="bbox 273 2809 1867 2927">
     <span class='ocr_line' id='line_1_30' title="bbox 380 2809 1867 2861; baseline -0.006 -7"><span class='ocrx_word' id='word_1_201' title='bbox 380 2816 423 2855; x_wconf 90' lang='lat' dir='ltr'><strong>V.</strong></span> <span class='ocrx_word' id='word_1_202' title='bbox 454 2818 493 2854; x_wconf 89' lang='lat'><strong>5.</strong></span> <span class='ocrx_word' id='word_1_203' title='bbox 526 2816 747 2855; x_wconf 77' lang='lat' dir='ltr'><strong>Calnmili.</strong></span> <span class='ocrx_word' id='word_1_204' title='bbox 778 2814 963 2853; x_wconf 88' lang='lat' dir='ltr'><strong>Traiano</strong></span> <span class='ocrx_word' id='word_1_205' title='bbox 1001 2812 1268 2861; x_wconf 87' lang='lat' dir='ltr'><strong>Cavaniglia,</strong></span> <span class='ocrx_word' id='word_1_206' title='bbox 1311 2811 1446 2850; x_wconf 91' lang='lat' dir='ltr'><strong>amico</strong></span> <span class='ocrx_word' id='word_1_207' title='bbox 1486 2810 1553 2848; x_wconf 90' lang='lat' dir='ltr'><strong>del</strong></span> <span class='ocrx_word' id='word_1_208' title='bbox 1596 2809 1659 2854; x_wconf 62' lang='lat' dir='ltr'><strong>P„</strong></span> <span class='ocrx_word' id='word_1_209' title='bbox 1691 2809 1867 2857; x_wconf 86' lang='lat' dir='ltr'><strong>signore</strong></span> 
     </span>
     <span class='ocr_line' id='line_1_31' title="bbox 273 2874 1515 2927; baseline -0.005 -9"><span class='ocrx_word' id='word_1_210' title='bbox 273 2882 315 2918; x_wconf 91' lang='lat' dir='ltr'><strong>di</strong></span> <span class='ocrx_word' id='word_1_211' title='bbox 343 2880 471 2918; x_wconf 86' lang='lat' dir='ltr'><strong>Troia</strong></span> <span class='ocrx_word' id='word_1_212' title='bbox 499 2891 521 2917; x_wconf 93' lang='lat' dir='ltr'><strong>e</strong></span> <span class='ocrx_word' id='word_1_213' title='bbox 550 2879 770 2924; x_wconf 88' lang='lat' dir='ltr'><strong>Montella‚</strong></span> <span class='ocrx_word' id='word_1_214' title='bbox 803 2879 840 2917; x_wconf 89' lang='lat' dir='ltr'><strong>al</strong></span> <span class='ocrx_word' id='word_1_215' title='bbox 871 2877 997 2927; x_wconf 89' lang='lat' dir='ltr'><strong>quale</strong></span> <span class='ocrx_word' id='word_1_216' title='bbox 1026 2877 1052 2915; x_wconf 90' lang='lat' dir='ltr'><strong>il</strong></span> <span class='ocrx_word' id='word_1_217' title='bbox 1084 2888 1223 2915; x_wconf 87' lang='lat' dir='ltr'><strong>carme</strong></span> <span class='ocrx_word' id='word_1_218' title='bbox 1253 2876 1275 2913; x_wconf 78' lang='lat' dir='ltr'><strong>e</strong></span> <span class='ocrx_word' id='word_1_219' title='bbox 1305 2874 1515 2914; x_wconf 88' lang='lat' dir='ltr'><strong>dedicato.</strong></span> 
     </span>
    </p>

    <p class='ocr_par' dir='ltr' id='par_1_26' title="bbox 381 2939 1862 2993">
     <span class='ocr_line' id='line_1_32' title="bbox 381 2939 1862 2993; baseline -0.005 -8"><span class='ocrx_word' id='word_1_220' title='bbox 381 2947 424 2986; x_wconf 88' lang='lat' dir='ltr'><strong>V.</strong></span> <span class='ocrx_word' id='word_1_221' title='bbox 455 2948 516 2985; x_wconf 87' lang='lat'><strong>19.</strong></span> <span class='ocrx_word' id='word_1_222' title='bbox 549 2945 728 2985; x_wconf 81' lang='lat' dir='ltr'><strong>Sarnus.</strong></span> <span class='ocrx_word' id='word_1_223' title='bbox 763 2946 791 2984; x_wconf 90' lang='lat'><strong>11</strong></span> <span class='ocrx_word' id='word_1_224' title='bbox 813 2945 948 2984; x_wconf 88' lang='lat' dir='ltr'><strong>Sarno</strong></span> <span class='ocrx_word' id='word_1_225' title='bbox 972 2945 1105 2993; x_wconf 86' lang='lat' dir='ltr'><strong>irriga</strong></span> <span class='ocrx_word' id='word_1_226' title='bbox 1133 2944 1172 2982; x_wconf 94' lang='lat' dir='ltr'><strong>la</strong></span> <span class='ocrx_word' id='word_1_227' title='bbox 1203 2943 1382 2993; x_wconf 89' lang='lat' dir='ltr'><strong>pianura</strong></span> <span class='ocrx_word' id='word_1_228' title='bbox 1411 2953 1434 2980; x_wconf 90' lang='lat' dir='ltr'><strong>a</strong></span> <span class='ocrx_word' id='word_1_229' title='bbox 1457 2941 1537 2980; x_wconf 89' lang='lat' dir='ltr'><strong>sud</strong></span> <span class='ocrx_word' id='word_1_230' title='bbox 1567 2939 1634 2979; x_wconf 90' lang='lat' dir='ltr'><strong>del</strong></span> <span class='ocrx_word' id='word_1_231' title='bbox 1663 2939 1862 2979; x_wconf 89' lang='lat' dir='ltr'><strong>Vesuvio.</strong></span> 
     </span>
    </p>
   </div>
  </div>
 </body>
</html>
