2002 3161
245 251 337 300 100
655 245 821 325 'Poeti
855 245 1102 295 amanisti
1134 245 1394 310 maggiori

241 373 502 437 Expavere
541 371 760 422 domum
798 371 925 420 tanti
963 373 1136 421 tamen
1175 386 1324 421 urere
1358 370 1505 428 vatiS,

240 457 299 505 Et
337 470 431 505 sua
468 453 746 518 posteritas
784 452 987 502 medios
1024 467 1239 516 quoque
1277 455 1390 501 tuta
1427 466 1519 514 per
1555 465 1707 501 enses

241 538 411 588 Sensit
448 536 755 585 inexhausta
791 535 1019 583 cinerem
1056 534 1393 597 juvenescere
1430 533 1584 581 fama.

241 619 363 668 Non
401 632 502 681 ego
540 620 603 676 te,
641 616 805 678 longo
844 615 1118 677 praesignis
1155 613 1429 663 Anacreon
1468 628 1597 671 aem,
1769 623 1832 656 585

244 698 575 756 Transierim‚
613 696 847 745 bicolore
885 698 1042 758 caput
1080 694 1317 744 redimite
1354 709 1589 751 racemo;

243 780 343 831 Cui
382 779 592 828 citharae
629 776 792 835 cordi,
830 777 913 826 cui
953 776 1085 839 nigri
1125 776 1316 838 pocula
1355 776 1543 825 Bacchi

244 862 473 923 Semper,
511 862 560 909 et
597 858 807 920 ancipiti
847 857 1123 906 stimulans
1160 856 1468 905 Amathusia
1505 871 1655 906 cura:

243 943 379 992 Nam
418 940 581 990 modo
619 939 816 989 threicii
856 939 1052 988 crinem
1091 938 1291 987 miraris
1328 937 1536 1000 ephebi,

244 1026 402 1074 Nunc
421 1023 644 1073 samium
665 1021 896 1072 celebras
919 1020 1089 1085 (jubet
1109 1019 1381 1083 Adrastea)
1406 1020 1717 1083 Bathyllum,
1771 1029 1836 1062 ⁵⁹0

244 1107 401 1155 Nunc
451 1108 682 1154 teneram
732 1102 1026 1166 Eurypylen
1075 1104 1423 1165 tenerumque
1472 1101 1725 1164 Megistea

1533 1182 1759 1247 [laudas:

247 1268 484 1318 Tandem
522 1267 673 1316 acino
710 1280 879 1328 passae
917 1265 1059 1315 cadis
1095 1265 1413 1327 interceptus
1450 1263 1516 1313 ab
1542 1279 1672 1314 uvae.

248 1352 361 1414 Ipse
400 1349 516 1413 Lyci
556 1348 737 1411 nigros
774 1347 958 1396 oculos
997 1347 1314 1410 nigrumque
1351 1345 1616 1408 capillum,

249 1431 533 1492 Quamque
546 1428 691 1477 vides
718 1427 883 1491 digito
909 1427 1134 1476 nativam
1162 1426 1445 1476 inolescere
1459 1440 1738 1489 gemmam,

250 1513 576 1575 Exactosque
612 1510 770 1569 caniS‚
808 1524 1023 1573 pugnax
1048 1507 1233 1568 Alcaee,
1261 1510 1526 1571 tyrannos,
1775 1517 1838 1550 595

249 1592 477 1642 AEolium
515 1590 675 1640 docto
714 1592 1016 1652 pertentans
1051 1588 1298 1638 barbiton
1337 1602 1495 1645 auro;

250 1673 409 1722 Arma
446 1672 539 1722 sed
578 1674 754 1721 actaeae
790 1674 880 1720 tua
915 1670 1010 1720 fles
1047 1684 1306 1732 suspensa
1343 1669 1607 1718 Minervae.

253 1755 482 1805 Sustinet
518 1754 663 1802 heroi
700 1752 870 1801 valida
908 1751 1169 1801 testudine
1205 1750 1422 1814 pondus

363 1927 407 1965 V.
439 1926 535 1964 585.
568 1924 670 1963 Dice
702 1936 758 1962 un
788 1935 912 1962 verso
941 1923 984 1962 di
1011 1922 1305 1962 Anacreonte:
1339 1922 1426 1962 Clze
1453 1922 1513 1961 mi
1535 1922 1588 1971 fo
1623 1920 1843 1960 dell’oro?

255 1994 298 2032 la
326 1993 413 2032 mia
439 1990 639 2042 passione
664 1990 686 2029 ἑ
711 1991 814 2038 bere,
848 1991 940 2029 bere
979 1990 1088 2028 buon
1127 1990 1222 2028 vino
1255 1990 1302 2028 in
1340 1989 1530 2038 irrigata,
1570 1999 1591 2026 e
1624 1987 1694 2026 sui
1719 1986 1844 2025 molli

255 2059 360 2106 letti,
382 2069 466 2097 ecc.
498 2058 529 2096 E
549 2068 635 2096 non
665 2068 736 2095 era
764 2060 915 2105 questa
942 2055 968 2094 l’
990 2056 1115 2094 unica
1143 2066 1221 2094 sua
1250 2054 1453 2104 passione
1472 2084 1481 2093 .
1503 2084 1511 2092 .
1534 2066 1572 2101 .;
1603 2064 1671 2092 ma
1699 2052 1844 2092 lascia-

254 2136 325 2165 mo
354 2128 478 2164 stare.
511 2124 567 2162 La
595 2134 673 2162 sua
702 2122 848 2172 poesia
877 2121 899 2160 ὲ
928 2133 1016 2161 uno
1045 2121 1244 2171 specchio
1273 2120 1534 2160 fedelissimo
1564 2118 1674 2158 della
1701 2129 1844 2157 corru-

253 2192 376 2231 zione
405 2190 557 2229 ionica.
588 2189 717 2235 Mori,
748 2188 936 2228 secondo
965 2199 1050 2226 una
1069 2188 1266 2238 graziosa
1294 2199 1316 2226 e
1344 2190 1497 2237 arguta
1515 2186 1746 2237 leggenda,
1769 2197 1844 2236 per

253 2270 311 2297 un
340 2257 461 2296 acino
492 2256 533 2295 d'
553 2267 635 2294 uva
664 2255 885 2304 andatogli
915 2256 1128 2294 traverso.'
1152 2255 1386 2304 L'ancipiti
1414 2254 1555 2293 allude
1594 2253 1680 2303 agli
1709 2251 1843 2292 amori

255 2324 297 2363 di
315 2324 374 2363 lui
397 2334 472 2373 per
492 2321 690 2361 fanciulle
711 2333 732 2359 e
748 2320 959 2360 fanciulli:
982 2332 1004 2359 e
1026 2320 1124 2370 quel
1129 2320 1253 2369 subet
1272 2320 1484 2359 Adrastea
1505 2319 1602 2369 (dea
1619 2318 1729 2358 della
1744 2329 1843 2356 ven-

255 2390 384 2440 detta)
402 2401 426 2428 a
441 2389 765 2433 un’avventura‚
788 2390 957 2426 narrata
977 2387 1031 2426 da
1050 2387 1255 2426 Massimo
1275 2386 1408 2432 Tirio,
1431 2385 1620 2425 secondo
1640 2385 1681 2424 la
1701 2383 1841 2434 quale,

258 2468 334 2506 per
352 2455 494 2494 volere
515 2454 630 2504 degli
653 2453 746 2500 Dei,
778 2453 805 2491 il
836 2456 962 2502 poeta
990 2453 1155 2492 doveva
1183 2463 1458 2502 compensare
1487 2462 1567 2491 con
1587 2450 1676 2490 lodi
1706 2449 1764 2500 gl’
1783 2449 1845 2488 in-

257 2522 355 2562 sulti
384 2521 551 2560 lanciati
580 2532 637 2559 un
669 2520 840 2570 giorno,
880 2519 921 2557 in
961 2519 1026 2558 cui
1065 2530 1137 2558 era
1173 2519 1294 2564 ebro,
1333 2520 1482 2557 contro
1520 2517 1560 2556 la
1597 2516 1759 2556 nutrice
1801 2515 1843 2554 di

258 2587 485 2633 Cleobu10,
518 2586 587 2626 dal
617 2587 663 2625 P.
696 2584 769 2635 qui
800 2585 982 2625 confuso
1012 2596 1092 2624 con
1124 2584 1291 2623 Batillo.

367 2654 411 2693 V.
441 2655 537 2693 595.
566 2652 694 2692 Alceo
723 2652 766 2690 di
794 2651 999 2696 Mitssene,
1030 2650 1137 2689 fiero
1167 2653 1294 2700 poeta
1323 2649 1388 2688 de'
1422 2647 1708 2698 rivolgimenti
1738 2646 1844 2697 poli-

259 2720 343 2767 tici,
373 2720 419 2759 fu
449 2723 511 2759 tra
540 2720 552 2758 i
580 2719 674 2768 capi
704 2717 815 2757 della
850 2728 928 2756 sua
961 2716 1129 2755 fazione
1159 2716 1235 2755 che
1272 2715 1572 2755 rovesciarono
1609 2714 1636 2754 il
1673 2714 1842 2753 tiranno

259 2786 492 2826 Melancro.
523 2785 565 2824 Si
593 2784 720 2824 vuole
749 2784 825 2823 che
854 2783 896 2821 in
926 2794 1012 2822 una
1031 2782 1237 2832 battaglia
1257 2793 1337 2821 con
1367 2781 1427 2831 gli
1445 2780 1631 2820 Ateniesi
1661 2782 1844 2830 gettasse

259 2853 298 2892 le
327 2852 431 2892 armi
459 2851 536 2890 che
565 2851 577 2889 i
607 2850 759 2890 nemici
789 2859 997 2899 appesero
1037 2849 1080 2886 in
1118 2848 1247 2898 Sigeo
1286 2847 1324 2886 al
1356 2847 1518 2896 tempio
1555 2846 1598 2885 di
1628 2846 1837 2885 Minerva.

260 2919 317 2958 La
343 2917 559 2968 leggenda
587 2916 629 2956 lo
669 2916 759 2955 dice
788 2918 954 2954 amante
984 2915 1026 2954 di
1056 2913 1177 2953 Saffo
1205 2925 1227 2953 e
1257 2913 1299 2952 di
1329 2925 1386 2952 un
1415 2912 1633 2959 fanciullo‚
1666 2910 1840 2951 Pericle.

262 2984 381 3025 Delle
409 2995 484 3025 sue
511 2984 583 3023 odi
612 2984 647 3023 ci
678 2986 847 3024 restano
875 2994 933 3023 un
963 2982 1174 3024 centinaio
1203 2982 1247 3021 di
1276 2979 1532 3020 frammenti.
