2002 3161
703 146 902 210 Angelo
938 145 1212 195 Poliziatzo
1646 147 1664 195 1
1681 147 1737 195 15

152 275 384 325 Solverat
420 273 620 323 effusos
656 272 862 336 quoties
900 272 1011 321 sine
1036 271 1149 335 lege
1180 271 1411 333 capillos,

218 355 406 405 Infesta
440 356 517 404 est
553 352 768 416 trepidis
803 353 913 403 visa
950 352 1119 401 Diana
1155 351 1304 401 feris:

152 439 266 489 Sive
304 439 488 487 iterum
514 434 775 485 adductos
800 434 1002 484 fulvum
1039 433 1249 497 collegit
1287 433 1337 481 in
1365 447 1569 492 aurum,
1701 446 1741 478 35

218 521 448 583 Compta
482 518 777 582 cytheriaco
814 520 891 567 est
928 516 1133 579 pectine
1169 516 1280 564 visa
1306 515 1503 565 Venus.

153 603 335 665 Usque
372 601 508 650 illam
546 600 688 662 parvi
728 598 904 648 furtim
942 611 1265 660 componere
1290 596 1512 647 Amores

217 683 347 733 Sunt
384 682 535 740 soliti,
562 684 612 730 et
638 680 771 730 facili
812 679 994 730 Gratia
1020 678 1215 728 blanda
1252 693 1428 736 manu,

154 764 326 827 Atque
354 764 527 812 honor
563 764 612 811 et
649 762 810 811 teneri
838 761 942 825 jam
980 774 1110 810 cana
1136 758 1394 808 modestia
1430 759 1621 818 vultuS‚

218 847 278 895 Et
315 846 488 904 decor,
514 847 564 894 et
600 844 851 907 probita3‚
878 856 1285 906 purpureusque
1323 840 1514 903 pudor,
1698 854 1739 884 ιο

154 927 312 977 Casta
347 926 496 985 fides,
534 926 776 988 risusque
801 924 992 983 hilaris,
1029 937 1310 986 moresque
1348 922 1545 985 pudici,

220 1009 562 1069 Incessusque
601 1005 809 1064 decem,
847 1004 1097 1067 nudaque
1123 1003 1443 1065 simplicitas.

154 1087 291 1146 Quae
327 1089 514 1137 cuncta
551 1087 601 1136 in
638 1086 837 1135 cineres
873 1084 962 1134 fati
999 1084 1172 1148 gravis
1208 1083 1378 1133 intulit
1415 1084 1545 1133 hora

221 1170 364 1219 Mors
401 1171 589 1218 cuncta
626 1167 807 1217 immiti
845 1166 1036 1229 carpsit
1062 1165 1249 1215 acerba
1286 1180 1461 1215 manu.

156 1251 384 1310 Occidis,
421 1250 642 1311 Albiere,
681 1251 850 1313 prima
886 1248 1125 1299 fraudata
1161 1249 1389 1312 juventa,
1707 1259 1746 1291 45

220 1334 461 1397 Exigeres
496 1333 615 1382 vitae
651 1347 772 1382 curn
801 1332 897 1381 tria
922 1331 1084 1380 lustra
1122 1333 1252 1379 tuae:

155 1415 369 1466 Occidis
406 1415 685 1466 amborum
723 1416 963 1477 correpta
1000 1415 1119 1462 ante
1146 1427 1238 1462 ora
1263 1414 1567 1475 parentum;

220 1495 435 1546 Occidis
471 1498 589 1546 ante
615 1496 687 1545 tui
725 1494 922 1544 lumina
960 1496 1149 1543 moesta
1184 1494 1293 1542 viri.

156 1578 234 1627 Ah
273 1577 458 1628 dolor!
497 1578 510 1626 i
548 1592 704 1636 nune,
743 1579 801 1626 et'
829 1576 988 1626 rebus
1024 1574 1237 1625 confide
1274 1573 1538 1632 secundiS,

219 1658 368 1717 Quas
406 1659 636 1708 Fortuna
671 1658 767 1707 levi
804 1657 1008 1721 fertque
1045 1656 1307 1720 refertque
1349 1670 1525 1705 manu.
1704 1667 1746 1698 50

155 1740 302 1790 Tolle
340 1740 591 1799 animum,
618 1743 668 1789 et
703 1739 842 1789 victo
869 1738 1052 1788 molire
1078 1753 1140 1787 ex
1165 1738 1317 1788 hoste
1353 1736 1677 1800 triumphos;

220 1822 557 1886 Laurigerum
595 1822 749 1871 morti
776 1821 1053 1886 subjiciere
1090 1823 1264 1884 caput.

154 1903 303 1967 Erige
339 1904 577 1953 taenareis
614 1902 867 1953 radiantia
904 1906 1038 1952 tecta
1068 1902 1357 1959 columnis;

218 1985 378 2035 Parca
403 1988 576 2035 tamen
613 1983 796 2048 rapida
834 1987 882 2034 te
921 1983 1089 2033 trahet
1127 1982 1250 2033 inde
1280 1997 1456 2032 manu.

152 2067 385 2132 Ingenio,
421 2067 623 2126 forrnae,
659 2066 846 2116 validae
872 2065 1084 2116 confide
1109 2066 1366 2129 juventae;
1704 2075 1747 2108 55

218 2148 426 2198 Albiera
462 2163 584 2199 ecce
609 2149 752 2213 gravi
780 2150 949 2198 morte
986 2147 1157 2197 soluta
1182 2147 1332 2211 jacet.

154 2231 234 2280 Tu
273 2230 397 2280 mihi
435 2245 575 2280 nunc
601 2231 728 2280 tanti
754 2230 908 2279 fuerit
934 2244 1054 2293 quae
1080 2243 1239 2278 causa
1266 2227 1481 2286 doloris,

219 2311 456 2362 Attonito
491 2312 610 2371 vati,
638 2314 826 2361 moesta
863 2310 1061 2370 Thalia,
1088 2309 1237 2359 refer.

261 2450 306 2489 V.
336 2452 406 2490 45.
435 2450 605 2489 Albiera
633 2461 704 2490 era
733 2453 831 2489 nata
859 2449 925 2488 nel
945 2451 1045 2489 1452
1063 2449 1104 2488 la
1123 2449 1346 2488 domenica
1366 2448 1408 2487 in
1429 2447 1562 2493 Albis,
1586 2447 1699 2486 onde
1720 2446 1746 2485 il

153 2524 279 2553 nome
308 2513 384 2553 che
412 2513 450 2552 le
480 2513 527 2552 fu
555 2513 756 2562 imposto.
790 2512 820 2551 ll
850 2511 1046 2562 Gaspary
1076 2511 1186 2550 nella
1223 2523 1301 2550 sua
1337 2511 1485 2551 Storia
1513 2511 1627 2549 della
1659 2511 1744 2548 lett.

152 2578 199 2616 it.
229 2576 321 2616 dice
351 2576 427 2615 che
456 2576 496 2615 la
524 2575 708 2626 giovane
747 2574 854 2614 mori
884 2575 1243 2624 venticinquenne
1275 2574 1335 2624 (p.
1367 2574 1482 2624 204):
1514 2573 1536 2612 ὲ
1576 2573 1630 2612 da
1659 2584 1745 2612 cre-

156 2640 269 2679 dersi
298 2650 384 2678 una
411 2639 555 2679 svista.

262 2702 306 2742 V.
336 2703 406 2741 53.
445 2702 670 2742 Taenareis
697 2700 930 2740 columnis:
950 2701 1004 2740 da
1036 2700 1285 2749 Taenarum,
1303 2711 1378 2740 ora
1405 2711 1513 2750 capo
1543 2700 1744 2749 Matapan

154 2764 267 2804 nella
296 2765 478 2804 Laconia
506 2765 616 2804 dove
645 2764 706 2814 gli
745 2763 902 2804 antichi
931 2774 1156 2814 ponevano
1194 2763 1221 2802 l'
1240 2764 1437 2814 ingresso
1471 2763 1538 2802 all’
1557 2762 1742 2802 inferno.

158 2827 340 2874 famosi,
371 2838 491 2867 come
513 2827 585 2877 gia
612 2826 658 2866 tu
688 2829 852 2873 notato,
882 2826 895 2866 i
924 2827 1018 2866 suoi
1047 2826 1196 2866 manni
1225 2827 1267 2866 di
1297 2826 1416 2866 color
1444 2826 1586 2866 verde.

264 2890 307 2930 V.
337 2890 405 2930 58.
451 2889 622 2930 Thalia.
655 2889 999 2931 Evidentemente
1040 2889 1115 2940 qui
1143 2901 1228 2930 una
1264 2889 1373 2930 delle
1402 2892 1464 2929 tre
1493 2889 1640 2936 Cariti,
1675 2889 1741 2927 in-
