2002 3161
655 145 853 209 Angelo
887 145 1160 195 Poliziatzo
1589 148 1678 196 125

92 276 174 326 Sic
212 289 339 334 mea,
377 271 624 337 frigidulo
662 284 830 333 nuper
866 269 1121 333 languore
1158 269 1345 328 soluta,

156 356 427 418 Purpureo
465 352 651 416 Lalage
676 351 906 414 fulgurat
943 364 1034 399 ore
1062 350 1246 413 magis.

91 437 279 499 Aspice
316 433 529 485 sidereis
565 434 620 482 ut
657 430 909 481 blandum
948 430 1139 480 arridet
1174 430 1365 489 ocelliS,

156 518 332 580 thue
357 514 455 566 sub
482 514 562 563 his
586 513 849 577 geminam
878 511 1123 574 lampada
1148 514 1360 575 quassat
1386 525 1565 567 amor;
1641 523 1678 552 ω

93 598 304 648 Aureoli
342 599 397 646 ut
432 595 621 645 ludunt
658 608 750 657 per
785 594 947 643 lactea
985 593 1118 642 colla
1144 593 1328 655 capilli,

159 680 404 737 Quantus
441 677 491 726 in
529 676 767 738 explicita
802 675 974 724 fronte
1011 673 1247 737 superbit
1272 674 1460 723 honos,

94 761 268 819 Quam
308 773 414 808 non
454 757 724 807 mortalem
752 770 806 805 se
832 755 959 804 fert!
998 769 1117 818 quae
1143 754 1255 803 haec
1292 768 1384 803 ora
1420 768 1597 802 manu-

1398 834 1578 898 [squel

157 919 208 970 O
246 919 436 981 superi,
474 931 608 967 anne
637 917 779 980 Jovis
817 915 1027 979 dignior
1052 915 1156 964 ulla
1192 913 1355 964 toro?

91 1001 247 1050 Nunc
272 998 564 1062 lachrymae,
592 1012 733 1047 nunc
771 998 882 1059 ipsa
907 997 1087 1060 juvant
1113 995 1365 1058 suspiria:
1405 994 1496 1045 sed
1524 997 1578 1044 tu
1643 1005 1677 1037 15

156 1080 332 1139 Quam
371 1094 522 1142 mage
558 1079 796 1127 formosa
822 1092 893 1136 ες,
921 1080 1026 1126 tam
1053 1091 1204 1140 mage
1241 1076 1379 1126 mitis
1405 1075 1546 1126 ades.

92 1162 361 1213 Omnibus
409 1163 527 1210 ante
576 1160 701 1219 aliis,
754 1174 896 1208 nunc
949 1161 998 1208 te
1050 1173 1267 1222 quoque
1314 1157 1582 1220 pulchrior

1344 1239 1474 1302 [ipsa
1510 1253 1579 1298 eS,

159 1325 344 1387 Deque
380 1322 530 1372 avida
564 1322 778 1372 volucer
813 1320 959 1371 febre
994 1320 1280 1383 triumphat
1305 1319 1482 1369 Amor.

95 1404 196 1455 Sed
234 1407 287 1454 tu
326 1418 390 1453 ne
427 1403 647 1467 posthac
684 1417 776 1465 per
811 1404 954 1451 tanta
990 1401 1219 1464 pericula
1255 1401 1480 1450 formam

158 1485 457 1545 Quaesieris‚
496 1487 687 1534 metam
725 1484 944 1548 contigit
981 1483 1064 1532 illa
1100 1497 1280 1532 suam:

95 1567 365 1617 Pulchrior
390 1581 502 1616 esse
539 1566 752 1630 nequis;
788 1565 868 1614 vel
906 1565 946 1614 si
985 1567 1150 1627 potes,
1188 1564 1393 1627 aequius
1418 1565 1495 1612 est
1533 1566 1581 1612 te

151 1650 279 1712 Jam,
319 1649 520 1712 Lalage,
558 1647 751 1697 nostris
777 1660 989 1709 parcere
1025 1644 1328 1695 luminibus,

90 1730 189 1780 Vix
227 1733 290 1790 te,
328 1730 411 1778 vix
447 1729 599 1778 talem
637 1728 885 1785 ferimus;
923 1726 1069 1790 quod
1105 1727 1146 1776 si
1185 1727 1388 1776 auxeris
1425 1726 1580 1784 illam,

159 1812 299 1861 Fiam
338 1825 454 1875 eg0‚
493 1811 581 1874 qui
620 1824 760 1859 nunc
796 1823 912 1859 sum
951 1808 1021 1857 nil
1049 1808 1145 1858 nisi
1183 1808 1411 1867 flamma,
1438 1808 1582 1857 cinis.

199 2051 213 2089 1
243 2051 352 2090 versi
381 2049 457 2090 che
487 2060 684 2100 seguono
714 2048 940 2088 ricordano
971 2047 1116 2085 invece
1144 2046 1157 2085 i
1187 2044 1422 2096 pariniani:

592 2161 718 2195 Torna
742 2170 764 2194 a
788 2159 894 2194 fiorir
919 2159 953 2193 la
979 2168 1078 2201 rosa,
1104 2167 1180 2192 ecc.

198 2265 233 2305 Α
260 2276 337 2305 sua
364 2264 493 2311 volta,
533 2264 721 2304 secondo
750 2273 831 2309 me,
861 2262 887 2300 l'
908 2261 1130 2301 Umanista
1166 2260 1274 2299 ebbe
1313 2259 1386 2309 qui
1425 2260 1618 2308 presente
1653 2257 1679 2295 il

100 2343 227 2382 passo
256 2331 352 2370 dell’
371 2331 526 2370 Eneide
553 2341 632 2369 ove
661 2330 696 2369 si
726 2328 843 2378 parla
872 2327 982 2366 della
1009 2327 1194 2366 bellezza
1222 2326 1263 2365 di
1304 2325 1490 2364 Pallante
1529 2324 1677 2373 (V111):

367 2441 517 2484 Qualis,
544 2440 611 2475 ubi
636 2439 782 2475 Oceani
802 2437 986 2481 perfusus
1012 2437 1168 2480 Lucifer
1191 2437 1306 2479 unda,

363 2501 482 2543 Quem
515 2500 639 2534 Venus
663 2500 753 2533 ante
778 2497 876 2532 alios
901 2498 1092 2531 astrorum
1117 2495 1250 2539 diligit
1273 2495 1392 2539 ignes,

360 2558 510 2594 Extulit
532 2568 572 2592 os
597 2567 737 2592 sacrun
763 2556 876 2599 coelo,
897 2556 1147 2597 tenebrasque
1172 2554 1329 2588 resolvit
1338 2565 1351 2595 ;

95 2664 324 2714 immagine
354 2662 568 2708 deliziosa‚
598 2660 758 2699 imitata
787 2659 858 2708 poi
896 2658 963 2697 dal
991 2659 1126 2697 Tasso
1155 2657 1221 2696 nel
1251 2657 1324 2695 XV
1361 2656 1470 2696 della
1501 2656 1681 2696 Gerasa-

100 2733 264 2771 lemme:

493 2793 590 2833 Qual
616 2791 808 2826 mattutina
833 2791 938 2825 stella
962 2799 1046 2824 esce
1071 2789 1262 2824 dall'onde

492 2852 708 2896 Rugiadosa
733 2860 753 2886 e
779 2850 951 2893 stillante,
977 2859 1053 2884 ecc.
