2002 3161
650 135 911 186 Giovatmi
945 135 1180 183 pontano
1606 132 1701 180 317

115 266 251 331 (Sive
290 265 370 312 ille
407 277 659 312 excussus
696 260 833 309 coelo
873 257 1235 320 pugnantibus
1275 256 1436 312 Euris,

116 347 217 398 Seu
253 346 407 396 silicis
443 344 587 392 venis
627 356 812 390 manus
849 338 1068 400 extudit)
1107 337 1251 386 arida
1286 337 1481 385 circum

115 427 385 489 Corripuit
421 425 670 475 fomenta,
708 424 912 484 levique
950 419 1207 482 impulsus
1246 417 1310 466 ab
1349 432 1474 465 aura

118 509 412 559 Succensos
449 520 625 554 ramos
661 504 873 552 flamma
911 501 1196 563 crepitante
1235 498 1497 553 cremavit,
1643 509 1708 540 275

119 591 179 639 Et
214 590 301 638 lux
336 587 591 636 frondosa
631 599 906 633 nemorum
947 582 1171 632 diffulxit
1209 582 1260 628 in
1299 579 1502 628 umbra.

120 671 365 720 Extimuit
401 670 571 731 primo
608 668 864 723 flammas,
902 664 1135 728 ignobile
1171 663 1377 725 vulgus.

122 753 261 810 Post,
300 752 390 801 ubi
429 749 713 799 subsedere
752 748 901 810 ignes
938 749 987 794 et
1025 744 1260 808 fulgidus
1298 741 1472 799 ardor,

121 834 386 897 Cognitus
421 835 471 881 et
508 831 719 880 tandem
760 829 918 877 divini
958 827 1190 876 numeris
1228 839 1388 880 usus;

121 915 385 977 Excipitur
423 913 602 962 dextra
638 910 858 960 fumanti
898 909 1071 970 stipite
1110 906 1271 956 carbo
1647 913 1712 946 280

122 996 447 1058 Inferturque
483 995 632 1051 fociS,
669 991 912 1040 tenebras
948 993 997 1038 et
1033 989 1230 1051 frigora
1268 986 1436 1035 noctis

124 1074 231 1133 Qui
268 1074 496 1131 foveant,
535 1071 821 1132 calidisque
859 1070 1033 1117 assent
1070 1069 1120 1115 et
1157 1066 1356 1114 viscera
1393 1063 1592 1125 prunis.

125 1151 379 1202 Paulatim
418 1163 635 1212 quoque
674 1147 910 1195 diversos
948 1143 1085 1193 idem
1125 1143 1261 1206 ignis
1300 1142 1350 1189 in
1390 1154 1518 1189 usus

127 1229 475 1285 Transfertur,
514 1228 685 1276 donec
721 1224 983 1287 liquidum
1022 1222 1293 1284 explorare
1333 1218 1598 1267 metallum

127 1307 367 1370 Cogitur,
405 1308 561 1368 atque
600 1303 750 1352 novis
775 1302 970 1350 ferrum
997 1312 1308 1361 exspumare
1345 1295 1578 1345 caminis.
1656 1307 1721 1339 285

129 1386 267 1434 Hinc
304 1398 487 1432 marrae
527 1395 827 1443 curvusque
864 1378 1055 1427 bidens
1091 1380 1141 1425 et
1176 1389 1359 1425 vomer
1396 1373 1654 1431 aduncus,

130 1465 267 1524 Quis
302 1468 490 1514 terram
528 1465 726 1512 vertere
762 1463 919 1522 atque
957 1458 1243 1508 edomuere
1279 1454 1534 1510 colendo;

133 1544 271 1592 Hinc
307 1542 465 1592 falces
502 1555 675 1590 curvae
713 1541 870 1601 atque
904 1539 1062 1586 aerata
1098 1535 1271 1584 fronte
1309 1546 1534 1590 secures,

133 1622 347 1675 Robora
383 1620 501 1682 quis
537 1619 764 1681 tiliaeque
801 1617 940 1665 leves
977 1618 1025 1663 et
1063 1613 1296 1663 fraxinus
1339 1612 1527 1674 ingens

134 1703 331 1752 Excisae
367 1701 563 1763 primas
600 1697 851 1747 domibus
888 1696 1057 1745 fecere
1095 1694 1386 1749 columnaS,
1663 1702 1729 1734 290

135 1784 196 1832 Et
231 1785 458 1833 statuere
495 1780 658 1844 nigris
695 1780 919 1841 angusta
956 1775 1178 1838 mapalia
1215 1774 1378 1822 tectis.

137 1864 209 1913 Ex
246 1864 333 1913 illo
371 1865 647 1924 coetusque
683 1860 959 1909 hominum
987 1859 1143 1920 atque
1170 1854 1463 1917 frequentia
1488 1852 1663 1914 coepit.

138 1945 375 1996 Urbibus
410 1943 533 1992 hinc
570 1941 754 2005 positis
791 1940 1026 1990 statuunt
1063 1935 1330 1986 connubia
1368 1937 1417 1983 et
1455 1946 1634 1996 aequas

139 2025 460 2076 Describunt
495 2023 638 2086 leges
675 2024 724 2071 et
762 2020 860 2070 diis
898 2034 992 2069 sua
1028 2018 1223 2080 templa
1261 2015 1532 2070 dicarunt;

143 2106 280 2156 Mille
319 2108 454 2155 artes
491 2117 772 2166 rerumque
811 2101 1001 2150 dehinc
1028 2099 1328 2148 commenta
1354 2096 1615 2144 bonarum
1670 2105 1735 2137 29⁵

143 2188 382 2247 Crevere‚
421 2190 469 2235 et
505 2185 721 2236 laudum
760 2183 975 2233 accessit
1010 2194 1269 2244 generosa
1305 2176 1519 2240 cupid0‚

145 2270 411 2320 Sulcatum
451 2282 592 2317 mare
629 2265 853 2328 navigiis
890 2266 940 2312 et
977 2261 1147 2312 sidera
1185 2259 1321 2309 coelo

146 2350 398 2408 Quaesita,
436 2360 847 2410 expressumque
887 2344 1024 2393 cavis
1061 2357 1088 2391 e
1126 2340 1397 2389 montibus
1435 2352 1653 2390 aurum:

148 2432 284 2480 Tum
322 2444 494 2480 rerum
535 2442 707 2477 causae
745 2427 984 2481 inventae,
1023 2426 1133 2471 tum
1172 2421 1325 2482 copia
1361 2418 1504 2467 fandi

148 2510 338 2560 Extulit
375 2523 436 2558 os
474 2507 741 2569 movitque
779 2504 898 2553 foro
936 2502 1212 2564 popularia
1249 2499 1400 2557 bella,
1675 2507 1740 2538 300

150 2593 285 2641 Tum
324 2604 508 2640 canere
546 2589 768 2637 heroum
806 2584 988 2634 laudes
1024 2586 1074 2632 et
1110 2582 1265 2631 fortia
1302 2581 1436 2629 facta

151 2672 382 2724 Pierides
418 2684 645 2732 ccepere,
682 2671 1046 2727 aeternumque
1083 2662 1276 2712 addere
1313 2675 1522 2710 carmen

155 2750 436 2807 LaudibuS‚
475 2751 829 2808 aeternamque
868 2745 917 2792 in
957 2743 1131 2792 secula
1167 2740 1396 2790 condere
1432 2739 1642 2788 famam.
