2002 3161
252 111 317 161 32
687 104 837 155 Paeti
870 102 1118 154 amanisti
1152 101 1411 167 maggiori

254 235 304 286 Si
342 248 449 284 non
487 232 726 282 taenareis
763 231 831 280 illi
868 232 1006 281 stant
1041 229 1170 279 fulta
1207 228 1468 278 columnis

256 316 483 374 Robora,
520 313 868 375 caelatumque
904 311 1005 360 alte
1044 310 1309 373 laquearia
1345 309 1526 359 subter

255 397 404 452 Ridet
440 396 586 454 ebur,
624 396 896 457 postemve
933 392 1059 442 silex
1098 392 1387 441 asaroticus
1423 394 1602 448 ornat3

255 480 366 529 Nec
403 476 763 527 maurusiacos
799 474 1038 537 pulchrae
1075 472 1355 522 testudinis
1393 471 1570 522 orbeis
1786 483 1850 516 295

256 560 512 623 Delphica
549 558 820 614 sustentat,
858 569 954 604 nec
992 553 1153 603 docto
1191 553 1308 602 trita
1333 554 1539 616 Myroni

258 641 453 691 Pocula
490 637 762 700 multiplici
799 636 992 685 florent
1029 634 1284 684 radiantia
1320 648 1561 698 gemma;

259 723 361 772 Aut
397 721 478 771 bis
515 721 565 769 in
593 718 836 768 herculea
875 717 1073 765 milesia
1108 715 1297 765 vellera
1334 715 1538 764 concha

259 805 559 861 Versantur,
599 800 849 863 tenuique
886 801 1029 848 satur
1055 797 1302 860 lanugine
1328 796 1565 859 bombyx

261 885 508 935 Luteolos
544 882 712 932 folleis
749 880 1098 944 preciosaque
1135 878 1223 928 fila
1248 878 1521 941 relinquit;
1785 888 1849 921 300

262 966 458 1016 Textile
495 978 591 1014 nec
628 965 809 1012 tenero
847 960 1186 1024 subtegmine
1212 959 1442 1022 fulgurat
1480 972 1665 1007 aurum

261 1046 547 1111 Spiranteis
583 1044 815 1094 referens
852 1043 1042 1102 vultus,
1070 1057 1189 1105 quae
1228 1040 1520 1104 Pergamos
1557 1039 1680 1088 olim

262 1128 458 1178 Artifici
494 1125 767 1188 descripsit
805 1139 918 1183 acu,
946 1138 1069 1186 quae
1106 1122 1330 1172 stamina
1366 1120 1628 1183 Memphis

262 1209 399 1268 Quae
438 1209 606 1272 Tyros
643 1209 693 1256 et
730 1205 967 1269 Babylon
1007 1203 1153 1253 radio
1181 1204 1392 1266 pinxere
1430 1201 1667 1258 sonanti;

262 1291 327 1340 At
363 1291 496 1355 jacet
535 1290 585 1337 in
625 1287 767 1337 molli
806 1286 1076 1350 projectus
1114 1284 1308 1347 cespite
1346 1282 1598 1340 membra,
1791 1292 1854 1324 305

265 1372 387 1430 Qua
423 1384 581 1421 cavus
617 1383 830 1418 exesum
868 1381 1061 1429 pumex
1097 1364 1381 1415 testudinat
1408 1366 1633 1420 antrum,

264 1453 450 1512 Quave
485 1450 774 1501 susurranti
815 1449 1012 1498 crinem
1052 1446 1140 1496 dat
1178 1445 1418 1509 aquatica
1453 1446 1611 1493 vento

263 1534 451 1593 Arbor,
488 1535 537 1582 et
575 1534 663 1581 aut
699 1530 930 1580 calamos
955 1531 1044 1578 aut
1082 1528 1187 1577 fixa
1223 1525 1429 1576 hastilia
1465 1524 1637 1589 jungit

265 1615 506 1665 Cortice:
545 1615 750 1675 statque
787 1611 883 1660 levi
922 1625 1042 1660 casa
1067 1607 1289 1658 frondea
1327 1607 1439 1656 nisa
1475 1605 1656 1669 tigillo,

266 1697 441 1755 Quam
481 1696 714 1744 metuant
752 1693 942 1741 intrare
979 1705 1144 1753 pavor
1181 1702 1427 1751 curaeque
1453 1700 1721 1750 sequaces,
1791 1696 1856 1729 310

267 1777 374 1828 Sub
414 1791 517 1840 qua
552 1773 819 1840 jucundos
856 1771 1137 1836 tranquillo
1175 1773 1387 1832 pectore
1414 1782 1600 1819 sensus

268 1859 443 1909 Nutrit
481 1857 870 1919 inabruptoque
907 1855 1047 1903 fovet
1074 1867 1169 1902 sua
1205 1866 1429 1914 corpora
1466 1863 1657 1899 somno

269 1941 538 2005 Sylvarum
575 1941 625 1988 et
662 1937 867 2000 pecoris
894 1935 1170 1991 dominus;
1207 1935 1345 1982 stant
1372 1931 1552 1981 sedula
1591 1930 1787 1979 circum

271 2021 449 2072 Turba
486 2034 656 2078 canes,
684 2017 960 2081 audaxque
985 2017 1136 2066 lacon
1175 2028 1399 2077 acerque
1437 2012 1721 2061 molossus.

381 2178 424 2217 V.
455 2177 553 2216 292.
588 2174 816 2214 Taenareis
843 2173 1116 2212 columnis...
1156 2170 1352 2210 Colonne
1390 2178 1625 2207 marmoree
1660 2166 1702 2204 di
1741 2165 1858 2204 color

272 2244 415 2290 verde,
445 2243 487 2282 di
516 2241 680 2292 grande
710 2239 875 2290 pregio.

381 2310 425 2349 V.
455 2309 551 2348 295.
572 2306 890 2346 Maurusiacos.
914 2335 947 2343 ..
978 2304 1143 2342 orbeis:
1164 2301 1303 2341 tavole
1324 2301 1366 2340 di
1395 2300 1523 2340 cedro
1553 2298 1664 2337 della
1694 2296 1852 2336 Mauri-

274 2377 402 2416 tania.

382 2442 425 2481 V.
455 2441 553 2480 296.
583 2440 751 2479 Mirone
780 2449 851 2476 era
880 2448 935 2475 un
957 2435 1125 2474 famoso
1153 2434 1357 2475 statuario
1379 2443 1523 2483 greco,
1547 2430 1709 2471 celebre
1733 2428 1848 2478 negli

274 2507 527 2558 epigrammi
556 2503 891 2553 dell'Antologia
920 2513 942 2540 e
972 2512 1120 2551 presso
1149 2501 1160 2539 i
1192 2500 1305 2549 poeti
1335 2499 1512 2538 classici.

385 2574 428 2612 V.
457 2573 555 2612 300.
587 2570 781 2610 Luteolos
804 2568 971 2618 solleis.
1009 2566 1197 2606 Bozzoli.

383 2640 425 2679 V.
456 2640 555 2685 302,
583 2649 711 2687 sgg.:
743 2636 968 2685 Pergamo,
1000 2633 1150 2683 reggia
1179 2632 1394 2677 d'Attalo;
1416 2629 1565 2674 Menfi,
1597 2628 1662 2667 de'
1696 2639 1738 2667 re
1771 2626 1860 2676 egi-

278 2707 415 2753 ziani3
445 2706 547 2745 Tiro
576 2717 597 2743 e
628 2703 865 2748 Babilonia‚
896 2701 1049 2750 grandi
1085 2699 1335 2748 produttrici
1365 2710 1386 2737 e
1415 2695 1651 2737 lavoratrici
1689 2694 1731 2732 di
1763 2704 1858 2742 por-

280 2785 385 2823 pora
413 2784 435 2811 e
463 2771 614 2810 d'altre
643 2768 956 2819 splendidezze.

389 2840 431 2879 V.
461 2839 556 2879 307.
588 2837 798 2887 Aquatica
827 2835 973 2874 arbor.
1009 2834 1035 2872 ll
1067 2832 1206 2872 salice.
