<?xml version="1.0" encoding="UTF-8"?>
<!DOCTYPE html PUBLIC "-//W3C//DTD XHTML 1.0 Transitional//EN"
    "http://www.w3.org/TR/xhtml1/DTD/xhtml1-transitional.dtd">
<html xmlns="http://www.w3.org/1999/xhtml" xml:lang="en" lang="en">
 <head>
  <title>
</title>
<meta http-equiv="Content-Type" content="text/html;charset=utf-8" />
  <meta name='ocr-system' content='tesseract 3.04.00' />
  <meta name='ocr-capabilities' content='ocr_page ocr_carea ocr_par ocr_line ocrx_word'/>
</head>
<body>
  <div class='ocr_page' id='page_1' title='image "./poetiumanistimag00griluoft_0269.png"; bbox 0 0 2002 3161; ppageno 0'>
   <div class='ocr_carea' id='block_1_1' title="bbox 622 200 1675 253">
    <p class='ocr_par' dir='ltr' id='par_1_1' title="bbox 622 200 1675 253">
     <span class='ocr_line' id='line_1_1' title="bbox 622 200 1675 253; baseline 0.003 -3"><span class='ocrx_word' id='word_1_1' title='bbox 622 200 882 250; x_wconf 79' lang='lat' dir='ltr'>Oiovatmi</span> <span class='ocrx_word' id='word_1_2' title='bbox 916 200 1152 249; x_wconf 77' lang='lat' dir='ltr'>Pontano</span> <span class='ocrx_word' id='word_1_3' title='bbox 1580 205 1675 253; x_wconf 83' lang='lat'>235</span> 
     </span>
    </p>
   </div>
   <div class='ocr_carea' id='block_1_2' title="bbox 82 326 1672 1040">
    <p class='ocr_par' dir='ltr' id='par_1_2' title="bbox 89 326 1408 391">
     <span class='ocr_line' id='line_1_2' title="bbox 89 326 1408 391; baseline -0.002 -13"><span class='ocrx_word' id='word_1_4' title='bbox 89 328 317 387; x_wconf 79' lang='lat' dir='ltr'>Pectore,</span> <span class='ocrx_word' id='word_1_5' title='bbox 356 341 604 391; x_wconf 86' lang='lat' dir='ltr'>proceros</span> <span class='ocrx_word' id='word_1_6' title='bbox 641 326 786 390; x_wconf 87' lang='lat' dir='ltr'>quod</span> <span class='ocrx_word' id='word_1_7' title='bbox 824 327 922 377; x_wconf 89' lang='lat' dir='ltr'>late</span> <span class='ocrx_word' id='word_1_8' title='bbox 949 326 1151 377; x_wconf 86' lang='lat' dir='ltr'>effusus</span> <span class='ocrx_word' id='word_1_9' title='bbox 1188 327 1238 376; x_wconf 92' lang='lat' dir='ltr'>in</span> <span class='ocrx_word' id='word_1_10' title='bbox 1266 330 1408 376; x_wconf 89' lang='lat' dir='ltr'>artus</span> 
     </span>
    </p>

    <p class='ocr_par' dir='ltr' id='par_1_3' title="bbox 85 407 1672 711">
     <span class='ocr_line' id='line_1_3' title="bbox 87 407 1463 471; baseline -0.001 -13"><span class='ocrx_word' id='word_1_11' title='bbox 87 408 301 471; x_wconf 91' lang='lat' dir='ltr'>Deperit</span> <span class='ocrx_word' id='word_1_12' title='bbox 337 407 583 467; x_wconf 79' lang='lat' dir='ltr'>Aridiam,</span> <span class='ocrx_word' id='word_1_13' title='bbox 621 408 703 457; x_wconf 92' lang='lat' dir='ltr'>cui</span> <span class='ocrx_word' id='word_1_14' title='bbox 742 408 806 457; x_wconf 89' lang='lat' dir='ltr'>sit</span> <span class='ocrx_word' id='word_1_15' title='bbox 843 407 999 457; x_wconf 90' lang='lat' dir='ltr'>breve</span> <span class='ocrx_word' id='word_1_16' title='bbox 1037 422 1231 470; x_wconf 90' lang='lat' dir='ltr'>corpus</span> <span class='ocrx_word' id='word_1_17' title='bbox 1267 410 1317 456; x_wconf 92' lang='lat' dir='ltr'>et</span> <span class='ocrx_word' id='word_1_18' title='bbox 1355 410 1463 457; x_wconf 87' lang='lat' dir='ltr'>ater</span> 
     </span>
     <span class='ocr_line' id='line_1_4' title="bbox 87 489 1672 552; baseline -0.003 -14"><span class='ocrx_word' id='word_1_19' title='bbox 87 489 284 538; x_wconf 89' lang='lat' dir='ltr'>lnficiat</span> <span class='ocrx_word' id='word_1_20' title='bbox 320 490 450 538; x_wconf 92' lang='lat' dir='ltr'>livor</span> <span class='ocrx_word' id='word_1_21' title='bbox 486 490 661 552; x_wconf 89' lang='lat' dir='ltr'>nigras</span> <span class='ocrx_word' id='word_1_22' title='bbox 697 503 817 538; x_wconf 91' lang='lat' dir='ltr'>cum</span> <span class='ocrx_word' id='word_1_23' title='bbox 856 491 1069 552; x_wconf 83' lang='lat' dir='ltr'>pectore</span> <span class='ocrx_word' id='word_1_24' title='bbox 1107 503 1362 538; x_wconf 88' lang='lat' dir='ltr'>mammas</span> <span class='ocrx_word' id='word_1_25' title='bbox 1629 501 1672 533; x_wconf 79' lang='grc'>35</span> 
     </span>
     <span class='ocr_line' id='line_1_5' title="bbox 88 570 1572 633; baseline -0.001 -14"><span class='ocrx_word' id='word_1_26' title='bbox 88 571 518 633; x_wconf 87' lang='lat' dir='ltr'>Torpescantque</span> <span class='ocrx_word' id='word_1_27' title='bbox 555 570 692 619; x_wconf 93' lang='lat' dir='ltr'>oculi</span> <span class='ocrx_word' id='word_1_28' title='bbox 732 570 999 619; x_wconf 79' lang='lat' dir='ltr'><strong>albescant</strong></span> <span class='ocrx_word' id='word_1_29' title='bbox 1036 573 1086 619; x_wconf 89' lang='lat' dir='ltr'>et</span> <span class='ocrx_word' id='word_1_30' title='bbox 1122 572 1364 633; x_wconf 90' lang='lat' dir='ltr'>tempora</span> <span class='ocrx_word' id='word_1_31' title='bbox 1401 570 1572 627; x_wconf 89' lang='lat' dir='ltr'>canis;</span> 
     </span>
     <span class='ocr_line' id='line_1_6' title="bbox 85 650 1450 711; baseline 0 -11"><span class='ocrx_word' id='word_1_32' title='bbox 85 650 343 701; x_wconf 79' lang='lat' dir='ltr'>Assiduus</span> <span class='ocrx_word' id='word_1_33' title='bbox 381 654 552 701; x_wconf 90' lang='lat' dir='ltr'>tamen</span> <span class='ocrx_word' id='word_1_34' title='bbox 591 652 641 700; x_wconf 93' lang='lat' dir='ltr'>in</span> <span class='ocrx_word' id='word_1_35' title='bbox 681 651 835 711; x_wconf 87' lang='lat' dir='ltr'>silvis,</span> <span class='ocrx_word' id='word_1_36' title='bbox 875 651 940 700; x_wconf 88' lang='lat' dir='ltr'>ad</span> <span class='ocrx_word' id='word_1_37' title='bbox 979 651 1200 700; x_wconf 89' lang='lat' dir='ltr'>flumina</span> <span class='ocrx_word' id='word_1_38' title='bbox 1237 651 1450 700; x_wconf 91' lang='lat' dir='ltr'>clamet:</span> 
     </span>
    </p>

    <p class='ocr_par' dir='ltr' id='par_1_4' title="bbox 82 732 1671 1040">
     <span class='ocr_line' id='line_1_7' title="bbox 89 732 1582 796; baseline 0 -14"><span class='ocrx_word' id='word_1_39' title='bbox 89 752 109 776; x_wconf 83' lang='lat'>«</span> <span class='ocrx_word' id='word_1_40' title='bbox 134 732 309 782; x_wconf 81' lang='lat' dir='ltr'>Aridia</span> <span class='ocrx_word' id='word_1_41' title='bbox 335 747 367 782; x_wconf 95' lang='lat' dir='ltr'>o</span> <span class='ocrx_word' id='word_1_42' title='bbox 406 733 529 781; x_wconf 87' lang='lat' dir='ltr'>mihi</span> <span class='ocrx_word' id='word_1_43' title='bbox 568 747 701 791; x_wconf 89' lang='lat' dir='ltr'>cara,</span> <span class='ocrx_word' id='word_1_44' title='bbox 741 732 882 791; x_wconf 89' lang='lat' dir='ltr'>ades,</span> <span class='ocrx_word' id='word_1_45' title='bbox 921 736 971 781; x_wconf 90' lang='lat' dir='ltr'>et</span> <span class='ocrx_word' id='word_1_46' title='bbox 1008 733 1162 782; x_wconf 89' lang='lat' dir='ltr'>simul</span> <span class='ocrx_word' id='word_1_47' title='bbox 1190 733 1370 782; x_wconf 90' lang='lat' dir='ltr'>oscula</span> <span class='ocrx_word' id='word_1_48' title='bbox 1409 733 1582 796; x_wconf 91' lang='lat' dir='ltr'>iunge,</span> 
     </span>
     <span class='ocr_line' id='line_1_8' title="bbox 85 813 1532 876; baseline 0.001 -14"><span class='ocrx_word' id='word_1_49' title='bbox 85 815 159 863; x_wconf 86' lang='lat' dir='ltr'>En</span> <span class='ocrx_word' id='word_1_50' title='bbox 199 814 391 876; x_wconf 89' lang='lat' dir='ltr'>primas</span> <span class='ocrx_word' id='word_1_51' title='bbox 428 813 519 862; x_wconf 90' lang='lat' dir='ltr'>tibi</span> <span class='ocrx_word' id='word_1_52' title='bbox 558 816 843 873; x_wconf 83' lang='lat' dir='ltr'>castaneas,</span> <span class='ocrx_word' id='word_1_53' title='bbox 883 814 1051 876; x_wconf 88' lang='lat' dir='ltr'>prima</span> <span class='ocrx_word' id='word_1_54' title='bbox 1088 813 1274 863; x_wconf 90' lang='lat' dir='ltr'>arbuta</span> <span class='ocrx_word' id='word_1_55' title='bbox 1311 828 1487 873; x_wconf 90' lang='lat' dir='ltr'>servo;</span> <span class='ocrx_word' id='word_1_56' title='bbox 1512 833 1532 859; x_wconf 92' lang='lat'>»</span> 
     </span>
     <span class='ocr_line' id='line_1_9' title="bbox 83 893 1671 944; baseline -0.002 -1"><span class='ocrx_word' id='word_1_57' title='bbox 83 894 313 944; x_wconf 80' lang='lat' dir='ltr'>Aridiam</span> <span class='ocrx_word' id='word_1_58' title='bbox 352 895 478 944; x_wconf 86' lang='lat' dir='ltr'>solae</span> <span class='ocrx_word' id='word_1_59' title='bbox 516 895 748 944; x_wconf 89' lang='lat' dir='ltr'>referunt</span> <span class='ocrx_word' id='word_1_60' title='bbox 785 893 876 943; x_wconf 94' lang='lat' dir='ltr'>sed</span> <span class='ocrx_word' id='word_1_61' title='bbox 915 895 1137 944; x_wconf 90' lang='lat' dir='ltr'>inaniter</span> <span class='ocrx_word' id='word_1_62' title='bbox 1180 909 1335 944; x_wconf 85' lang='lat' dir='ltr'>aurae.</span> <span class='ocrx_word' id='word_1_63' title='bbox 1629 909 1671 940; x_wconf 76' lang='lat'>40</span> 
     </span>
     <span class='ocr_line' id='line_1_10' title="bbox 82 977 1436 1040; baseline 0 -14"><span class='ocrx_word' id='word_1_64' title='bbox 82 977 205 1027; x_wconf 91' lang='lat' dir='ltr'>Non</span> <span class='ocrx_word' id='word_1_65' title='bbox 244 977 400 1040; x_wconf 87' lang='lat' dir='ltr'>igitur</span> <span class='ocrx_word' id='word_1_66' title='bbox 437 979 641 1026; x_wconf 89' lang='lat' dir='ltr'>tantum</span> <span class='ocrx_word' id='word_1_67' title='bbox 680 977 926 1026; x_wconf 89' lang='lat' dir='ltr'>Meliseus</span> <span class='ocrx_word' id='word_1_68' title='bbox 964 980 1013 1026; x_wconf 91' lang='lat' dir='ltr'>et</span> <span class='ocrx_word' id='word_1_69' title='bbox 1051 991 1156 1026; x_wconf 89' lang='lat' dir='ltr'>una</span> <span class='ocrx_word' id='word_1_70' title='bbox 1195 977 1436 1036; x_wconf 79' lang='lat' dir='ltr'>PatulciS,</span> 
     </span>
    </p>
   </div>
   <div class='ocr_carea' id='block_1_3' title="bbox 0 1057 1594 1122">
    <p class='ocr_par' dir='ltr' id='par_1_5' title="bbox 0 1057 1594 1122">
     <span class='ocr_line' id='line_1_11' title="bbox 0 1057 1594 1122; baseline -0.001 -14"><span class='ocrx_word' id='word_1_71' title='bbox 0 1065 1 1080; x_wconf 65' lang='lat'>³</span> <span class='ocrx_word' id='word_1_72' title='bbox 77 1058 270 1108; x_wconf 84' lang='lat' dir='ltr'>Verum</span> <span class='ocrx_word' id='word_1_73' title='bbox 310 1057 502 1108; x_wconf 81' lang='lat' dir='ltr'>hedera</span> <span class='ocrx_word' id='word_1_74' title='bbox 540 1058 820 1120; x_wconf 86' lang='lat' dir='ltr'>praecincta</span> <span class='ocrx_word' id='word_1_75' title='bbox 858 1059 1042 1107; x_wconf 87' lang='lat' dir='ltr'>virenti</span> <span class='ocrx_word' id='word_1_76' title='bbox 1082 1061 1131 1107; x_wconf 91' lang='lat' dir='ltr'>et</span> <span class='ocrx_word' id='word_1_77' title='bbox 1159 1061 1399 1120; x_wconf 90' lang='lat' dir='ltr'>tempora</span> <span class='ocrx_word' id='word_1_78' title='bbox 1425 1061 1594 1122; x_wconf 90' lang='lat' dir='ltr'>myrto</span> 
     </span>
    </p>
   </div>
   <div class='ocr_carea' id='block_1_4' title="bbox 73 1138 1668 1930">
    <p class='ocr_par' dir='ltr' id='par_1_6' title="bbox 78 1138 1470 1283">
     <span class='ocr_line' id='line_1_12' title="bbox 79 1138 1371 1201; baseline 0.001 -14"><span class='ocrx_word' id='word_1_79' title='bbox 79 1138 152 1188; x_wconf 77' lang='lat' dir='ltr'>Ac</span> <span class='ocrx_word' id='word_1_80' title='bbox 190 1139 331 1187; x_wconf 92' lang='lat' dir='ltr'>molli</span> <span class='ocrx_word' id='word_1_81' title='bbox 369 1139 599 1188; x_wconf 87' lang='lat' dir='ltr'>calamos</span> <span class='ocrx_word' id='word_1_82' title='bbox 637 1139 832 1188; x_wconf 90' lang='lat' dir='ltr'>circum</span> <span class='ocrx_word' id='word_1_83' title='bbox 871 1139 1145 1201; x_wconf 89' lang='lat' dir='ltr'>complexa</span> <span class='ocrx_word' id='word_1_84' title='bbox 1183 1139 1371 1188; x_wconf 91' lang='lat' dir='ltr'>labello</span> 
     </span>
     <span class='ocr_line' id='line_1_13' title="bbox 78 1219 1470 1283; baseline 0 -15"><span class='ocrx_word' id='word_1_85' title='bbox 78 1219 357 1269; x_wconf 81' lang='lat' dir='ltr'>Antiniana</span> <span class='ocrx_word' id='word_1_86' title='bbox 393 1234 518 1269; x_wconf 89' lang='lat' dir='ltr'>suos</span> <span class='ocrx_word' id='word_1_87' title='bbox 555 1220 775 1283; x_wconf 92' lang='lat' dir='ltr'>longum</span> <span class='ocrx_word' id='word_1_88' title='bbox 815 1222 891 1269; x_wconf 91' lang='lat' dir='ltr'>est</span> <span class='ocrx_word' id='word_1_89' title='bbox 928 1223 1220 1283; x_wconf 90' lang='lat' dir='ltr'>conquesta</span> <span class='ocrx_word' id='word_1_90' title='bbox 1257 1219 1470 1269; x_wconf 90' lang='lat' dir='ltr'>dolores</span> 
     </span>
    </p>

    <p class='ocr_par' dir='ltr' id='par_1_7' title="bbox 73 1299 1668 1930">
     <span class='ocr_line' id='line_1_14' title="bbox 79 1299 1666 1363; baseline 0.001 -15"><span class='ocrx_word' id='word_1_91' title='bbox 79 1299 159 1348; x_wconf 77' lang='lat' dir='ltr'>Ad</span> <span class='ocrx_word' id='word_1_92' title='bbox 181 1300 432 1363; x_wconf 89' lang='lat' dir='ltr'>corylum.</span> <span class='ocrx_word' id='word_1_93' title='bbox 456 1300 584 1349; x_wconf 84' lang='lat' dir='ltr'>l-laec</span> <span class='ocrx_word' id='word_1_94' title='bbox 610 1300 789 1350; x_wconf 86' lang='lat' dir='ltr'>solitas</span> <span class='ocrx_word' id='word_1_95' title='bbox 814 1300 1094 1350; x_wconf 91' lang='lat' dir='ltr'>lacrimoso</span> <span class='ocrx_word' id='word_1_96' title='bbox 1123 1315 1391 1349; x_wconf 90' lang='lat' dir='ltr'>murmure</span> <span class='ocrx_word' id='word_1_97' title='bbox 1417 1315 1574 1349; x_wconf 90' lang='lat' dir='ltr'>voces</span> <span class='ocrx_word' id='word_1_98' title='bbox 1623 1314 1666 1344; x_wconf 73' lang='lat'>45</span> 
     </span>
     <span class='ocr_line' id='line_1_15' title="bbox 80 1380 1602 1444; baseline 0.001 -15"><span class='ocrx_word' id='word_1_99' title='bbox 80 1380 377 1430; x_wconf 80' lang='lat' dir='ltr'>Frondibus</span> <span class='ocrx_word' id='word_1_100' title='bbox 415 1381 715 1444; x_wconf 83' lang='lat' dir='ltr'>instrepere,</span> <span class='ocrx_word' id='word_1_101' title='bbox 754 1396 813 1430; x_wconf 93' lang='lat' dir='ltr'>ac</span> <span class='ocrx_word' id='word_1_102' title='bbox 850 1384 1006 1443; x_wconf 90' lang='lat' dir='ltr'>rupto</span> <span class='ocrx_word' id='word_1_103' title='bbox 1045 1381 1110 1430; x_wconf 94' lang='lat' dir='ltr'>de</span> <span class='ocrx_word' id='word_1_104' title='bbox 1148 1382 1340 1431; x_wconf 88' lang='lat' dir='ltr'>cortice</span> <span class='ocrx_word' id='word_1_105' title='bbox 1377 1382 1487 1431; x_wconf 92' lang='lat' dir='ltr'>visa</span> <span class='ocrx_word' id='word_1_106' title='bbox 1525 1384 1602 1431; x_wconf 90' lang='lat' dir='ltr'>est</span> 
     </span>
     <span class='ocr_line' id='line_1_16' title="bbox 78 1461 1611 1526; baseline 0.001 -16"><span class='ocrx_word' id='word_1_107' title='bbox 78 1461 137 1510; x_wconf 80' lang='lat' dir='ltr'>Et</span> <span class='ocrx_word' id='word_1_108' title='bbox 157 1464 372 1524; x_wconf 88' lang='lat' dir='ltr'>questus</span> <span class='ocrx_word' id='word_1_109' title='bbox 398 1462 646 1524; x_wconf 90' lang='lat' dir='ltr'>repetisse</span> <span class='ocrx_word' id='word_1_110' title='bbox 664 1477 878 1526; x_wconf 88' lang='lat' dir='ltr'>gravem</span> <span class='ocrx_word' id='word_1_111' title='bbox 905 1464 954 1511; x_wconf 90' lang='lat' dir='ltr'>et</span> <span class='ocrx_word' id='word_1_112' title='bbox 981 1462 1278 1526; x_wconf 84' lang='lat' dir='ltr'>geminasse</span> <span class='ocrx_word' id='word_1_113' title='bbox 1315 1462 1611 1525; x_wconf 82' lang='lat' dir='ltr'>querelam3</span> 
     </span>
     <span class='ocr_line' id='line_1_17' title="bbox 77 1542 1600 1606; baseline 0 -14"><span class='ocrx_word' id='word_1_114' title='bbox 77 1542 148 1592; x_wconf 92' lang='lat' dir='ltr'>Ut</span> <span class='ocrx_word' id='word_1_115' title='bbox 185 1557 365 1605; x_wconf 85' lang='lat' dir='ltr'>nuper,</span> <span class='ocrx_word' id='word_1_116' title='bbox 405 1557 524 1592; x_wconf 93' lang='lat' dir='ltr'>cum</span> <span class='ocrx_word' id='word_1_117' title='bbox 562 1543 969 1592; x_wconf 87' lang='lat' dir='ltr'>exutum-armis</span> <span class='ocrx_word' id='word_1_118' title='bbox 1005 1543 1347 1606; x_wconf 89' lang='lat' dir='ltr'>vinctumque</span> <span class='ocrx_word' id='word_1_119' title='bbox 1385 1543 1600 1592; x_wconf 82' lang='lat' dir='ltr'>referret</span> 
     </span>
     <span class='ocr_line' id='line_1_18' title="bbox 76 1624 1464 1687; baseline 0.001 -15"><span class='ocrx_word' id='word_1_120' title='bbox 76 1624 328 1673; x_wconf 89' lang='lat' dir='ltr'>lmmitem</span> <span class='ocrx_word' id='word_1_121' title='bbox 365 1624 581 1673; x_wconf 87' lang='lat' dir='ltr'>Veneris</span> <span class='ocrx_word' id='word_1_122' title='bbox 619 1639 841 1687; x_wconf 89' lang='lat' dir='ltr'>puerum</span> <span class='ocrx_word' id='word_1_123' title='bbox 881 1624 1098 1687; x_wconf 89' lang='lat' dir='ltr'>solaque</span> <span class='ocrx_word' id='word_1_124' title='bbox 1136 1624 1235 1674; x_wconf 90' lang='lat' dir='ltr'>sub</span> <span class='ocrx_word' id='word_1_125' title='bbox 1276 1624 1464 1673; x_wconf 89' lang='lat' dir='ltr'>umbra</span> 
     </span>
     <span class='ocr_line' id='line_1_19' title="bbox 75 1705 1668 1769; baseline -0.002 -16"><span class='ocrx_word' id='word_1_126' title='bbox 75 1705 369 1764; x_wconf 83' lang='lat' dir='ltr'>Desertum,</span> <span class='ocrx_word' id='word_1_127' title='bbox 408 1720 466 1755; x_wconf 92' lang='lat' dir='ltr'>ac</span> <span class='ocrx_word' id='word_1_128' title='bbox 504 1707 682 1756; x_wconf 90' lang='lat' dir='ltr'>tacitas</span> <span class='ocrx_word' id='word_1_129' title='bbox 719 1706 896 1755; x_wconf 88' lang='lat' dir='ltr'>furtim</span> <span class='ocrx_word' id='word_1_130' title='bbox 936 1705 1185 1769; x_wconf 78' lang='lat' dir='ltr'>effugisse</span> <span class='ocrx_word' id='word_1_131' title='bbox 1223 1706 1463 1769; x_wconf 87' lang='lat' dir='ltr'>Napaeas.</span> <span class='ocrx_word' id='word_1_132' title='bbox 1627 1719 1668 1750; x_wconf 85' lang='lat'>50</span> 
     </span>
     <span class='ocr_line' id='line_1_20' title="bbox 74 1785 1525 1850; baseline 0.001 -16"><span class='ocrx_word' id='word_1_133' title='bbox 74 1785 267 1835; x_wconf 89' lang='lat' dir='ltr'>Invidia</span> <span class='ocrx_word' id='word_1_134' title='bbox 304 1786 405 1836; x_wconf 90' lang='lat' dir='ltr'>heu</span> <span class='ocrx_word' id='word_1_135' title='bbox 444 1790 646 1836; x_wconf 89' lang='lat' dir='ltr'>tantum</span> <span class='ocrx_word' id='word_1_136' title='bbox 686 1788 859 1850; x_wconf 89' lang='lat' dir='ltr'>potuit</span> <span class='ocrx_word' id='word_1_137' title='bbox 894 1787 1078 1850; x_wconf 87' lang='lat' dir='ltr'>visque</span> <span class='ocrx_word' id='word_1_138' title='bbox 1116 1787 1277 1836; x_wconf 85' lang='lat' dir='ltr'>effera</span> <span class='ocrx_word' id='word_1_139' title='bbox 1315 1786 1525 1836; x_wconf 89' lang='lat' dir='ltr'>amandi</span> 
     </span>
     <span class='ocr_line' id='line_1_21' title="bbox 73 1864 1400 1930; baseline 0.002 -17"><span class='ocrx_word' id='word_1_140' title='bbox 73 1864 220 1914; x_wconf 91' lang='lat' dir='ltr'>Victa</span> <span class='ocrx_word' id='word_1_141' title='bbox 258 1869 414 1925; x_wconf 88' lang='lat' dir='ltr'>metu,</span> <span class='ocrx_word' id='word_1_142' title='bbox 453 1867 767 1930; x_wconf 87' lang='lat' dir='ltr'>alteriusque</span> <span class='ocrx_word' id='word_1_143' title='bbox 804 1867 901 1915; x_wconf 87' lang='lat' dir='ltr'>tori</span> <span class='ocrx_word' id='word_1_144' title='bbox 940 1870 1184 1929; x_wconf 90' lang='lat' dir='ltr'>suspecta</span> <span class='ocrx_word' id='word_1_145' title='bbox 1221 1866 1400 1917; x_wconf 91' lang='lat' dir='ltr'>libido.</span> 
     </span>
    </p>
   </div>
   <div class='ocr_carea' id='block_1_5' title="bbox 73 2030 1663 2988">
    <p class='ocr_par' dir='ltr' id='par_1_8' title="bbox 75 2030 1389 2173">
     <span class='ocr_line' id='line_1_22' title="bbox 75 2030 1389 2095; baseline 0.001 -15"><span class='ocrx_word' id='word_1_146' title='bbox 75 2030 361 2080; x_wconf 90' lang='lat' dir='ltr'>Certabant</span> <span class='ocrx_word' id='word_1_147' title='bbox 398 2047 502 2081; x_wconf 88' lang='lat' dir='ltr'>una</span> <span class='ocrx_word' id='word_1_148' title='bbox 537 2033 759 2095; x_wconf 88' lang='lat' dir='ltr'>genitrix</span> <span class='ocrx_word' id='word_1_149' title='bbox 794 2032 922 2092; x_wconf 87' lang='lat' dir='ltr'>face,</span> <span class='ocrx_word' id='word_1_150' title='bbox 974 2035 1126 2081; x_wconf 90' lang='lat' dir='ltr'>natus</span> <span class='ocrx_word' id='word_1_151' title='bbox 1163 2035 1212 2081; x_wconf 90' lang='lat' dir='ltr'>et</span> <span class='ocrx_word' id='word_1_152' title='bbox 1250 2047 1389 2091; x_wconf 91' lang='lat' dir='ltr'>arcu,</span> 
     </span>
     <span class='ocr_line' id='line_1_23' title="bbox 140 2113 1275 2173; baseline 0.001 -12"><span class='ocrx_word' id='word_1_153' title='bbox 140 2113 223 2162; x_wconf 92' lang='lat' dir='ltr'>llle</span> <span class='ocrx_word' id='word_1_154' title='bbox 258 2113 408 2163; x_wconf 87' lang='lat' dir='ltr'>ferire</span> <span class='ocrx_word' id='word_1_155' title='bbox 445 2115 702 2173; x_wconf 88' lang='lat' dir='ltr'>homines,</span> <span class='ocrx_word' id='word_1_156' title='bbox 741 2130 890 2164; x_wconf 87' lang='lat' dir='ltr'>urere</span> <span class='ocrx_word' id='word_1_157' title='bbox 927 2117 976 2163; x_wconf 93' lang='lat' dir='ltr'>at</span> <span class='ocrx_word' id='word_1_158' title='bbox 1015 2114 1099 2163; x_wconf 91' lang='lat' dir='ltr'>illa</span> <span class='ocrx_word' id='word_1_159' title='bbox 1136 2113 1275 2163; x_wconf 88' lang='lat' dir='ltr'>deas.</span> 
     </span>
    </p>

    <p class='ocr_par' dir='ltr' id='par_1_9' title="bbox 74 2194 1663 2341">
     <span class='ocr_line' id='line_1_24' title="bbox 74 2194 1663 2260; baseline -0.001 -18"><span class='ocrx_word' id='word_1_160' title='bbox 74 2194 171 2243; x_wconf 82' lang='lat' dir='ltr'>Par</span> <span class='ocrx_word' id='word_1_161' title='bbox 206 2198 312 2244; x_wconf 91' lang='lat' dir='ltr'>erat</span> <span class='ocrx_word' id='word_1_162' title='bbox 350 2195 469 2244; x_wconf 88' lang='lat' dir='ltr'>hinc</span> <span class='ocrx_word' id='word_1_163' title='bbox 496 2196 770 2245; x_wconf 83' lang='lat' dir='ltr'>hominum</span> <span class='ocrx_word' id='word_1_164' title='bbox 799 2197 1040 2260; x_wconf 86' lang='lat' dir='ltr'>gemitus,</span> <span class='ocrx_word' id='word_1_165' title='bbox 1071 2210 1163 2257; x_wconf 91' lang='lat' dir='ltr'>par</span> <span class='ocrx_word' id='word_1_166' title='bbox 1190 2194 1311 2244; x_wconf 93' lang='lat' dir='ltr'>inde</span> <span class='ocrx_word' id='word_1_167' title='bbox 1339 2194 1572 2254; x_wconf 91' lang='lat' dir='ltr'>dearum,</span> <span class='ocrx_word' id='word_1_168' title='bbox 1623 2209 1663 2240; x_wconf 84' lang='lat'>55</span> 
     </span>
     <span class='ocr_line' id='line_1_25' title="bbox 138 2275 1574 2341; baseline 0.001 -17"><span class='ocrx_word' id='word_1_169' title='bbox 138 2275 309 2338; x_wconf 82' lang='lat' dir='ltr'>Atque</span> <span class='ocrx_word' id='word_1_170' title='bbox 347 2276 466 2325; x_wconf 87' lang='lat' dir='ltr'>hinc</span> <span class='ocrx_word' id='word_1_171' title='bbox 503 2280 659 2341; x_wconf 91' lang='lat' dir='ltr'>atque</span> <span class='ocrx_word' id='word_1_172' title='bbox 697 2278 834 2326; x_wconf 90' lang='lat' dir='ltr'>illinc</span> <span class='ocrx_word' id='word_1_173' title='bbox 872 2292 965 2340; x_wconf 91' lang='lat' dir='ltr'>par</span> <span class='ocrx_word' id='word_1_174' title='bbox 992 2291 1209 2340; x_wconf 87' lang='lat' dir='ltr'>quoque</span> <span class='ocrx_word' id='word_1_175' title='bbox 1234 2276 1425 2338; x_wconf 91' lang='lat' dir='ltr'>vulgus</span> <span class='ocrx_word' id='word_1_176' title='bbox 1451 2280 1574 2325; x_wconf 88' lang='lat' dir='ltr'>erat.</span> 
     </span>
    </p>

    <p class='ocr_par' dir='ltr' id='par_1_10' title="bbox 73 2355 1427 2501">
     <span class='ocr_line' id='line_1_26' title="bbox 73 2355 1427 2421; baseline -0.004 -12"><span class='ocrx_word' id='word_1_177' title='bbox 73 2355 292 2409; x_wconf 82' lang='lat' dir='ltr'>Ridebat</span> <span class='ocrx_word' id='word_1_178' title='bbox 328 2358 562 2420; x_wconf 88' lang='lat' dir='ltr'>genitrix,</span> <span class='ocrx_word' id='word_1_179' title='bbox 601 2358 778 2407; x_wconf 91' lang='lat' dir='ltr'>rubuit</span> <span class='ocrx_word' id='word_1_180' title='bbox 816 2372 972 2421; x_wconf 81' lang='lat' dir='ltr'>puer3</span> <span class='ocrx_word' id='word_1_181' title='bbox 1012 2357 1094 2406; x_wconf 92' lang='lat' dir='ltr'>ille</span> <span class='ocrx_word' id='word_1_182' title='bbox 1131 2357 1427 2419; x_wconf 86' lang='lat' dir='ltr'>pharetram</span> 
     </span>
     <span class='ocr_line' id='line_1_27' title="bbox 140 2437 1412 2501; baseline 0 -16"><span class='ocrx_word' id='word_1_183' title='bbox 140 2438 354 2497; x_wconf 81' lang='lat' dir='ltr'>Excutit,</span> <span class='ocrx_word' id='word_1_184' title='bbox 393 2453 613 2488; x_wconf 88' lang='lat' dir='ltr'>accenso</span> <span class='ocrx_word' id='word_1_185' title='bbox 652 2440 763 2488; x_wconf 83' lang='lat' dir='ltr'>haec</span> <span class='ocrx_word' id='word_1_186' title='bbox 800 2439 1033 2488; x_wconf 88' lang='lat' dir='ltr'>concutit</span> <span class='ocrx_word' id='word_1_187' title='bbox 1071 2439 1191 2501; x_wconf 86' lang='lat' dir='ltr'>igne</span> <span class='ocrx_word' id='word_1_188' title='bbox 1229 2437 1412 2496; x_wconf 88' lang='lat' dir='ltr'>facem,</span> 
     </span>
    </p>

    <p class='ocr_par' dir='ltr' id='par_1_11' title="bbox 74 2518 1661 2663">
     <span class='ocr_line' id='line_1_28' title="bbox 74 2518 1504 2581; baseline 0.001 -15"><span class='ocrx_word' id='word_1_189' title='bbox 74 2518 208 2567; x_wconf 88' lang='lat' dir='ltr'>Tum</span> <span class='ocrx_word' id='word_1_190' title='bbox 247 2519 398 2567; x_wconf 89' lang='lat' dir='ltr'>simul</span> <span class='ocrx_word' id='word_1_191' title='bbox 440 2535 543 2568; x_wconf 90' lang='lat' dir='ltr'>una</span> <span class='ocrx_word' id='word_1_192' title='bbox 580 2519 711 2569; x_wconf 89' lang='lat' dir='ltr'>duas</span> <span class='ocrx_word' id='word_1_193' title='bbox 749 2520 962 2569; x_wconf 91' lang='lat' dir='ltr'>involvit</span> <span class='ocrx_word' id='word_1_194' title='bbox 999 2519 1211 2568; x_wconf 88' lang='lat' dir='ltr'>flamma</span> <span class='ocrx_word' id='word_1_195' title='bbox 1250 2518 1504 2581; x_wconf 87' lang='lat' dir='ltr'>Napaeas;</span> 
     </span>
     <span class='ocr_line' id='line_1_29' title="bbox 139 2597 1661 2663; baseline 0 -15"><span class='ocrx_word' id='word_1_196' title='bbox 139 2597 472 2649; x_wconf 87' lang='lat' dir='ltr'>Clamarunt:</span> <span class='ocrx_word' id='word_1_197' title='bbox 515 2620 535 2644; x_wconf 62' lang='grc' dir='ltr'>ε</span> <span class='ocrx_word' id='word_1_198' title='bbox 562 2601 684 2650; x_wconf 89' lang='lat' dir='ltr'>Uno</span> <span class='ocrx_word' id='word_1_199' title='bbox 721 2600 960 2650; x_wconf 86' lang='lat' dir='ltr'>laedimur</span> <span class='ocrx_word' id='word_1_200' title='bbox 997 2601 1116 2663; x_wconf 89' lang='lat' dir='ltr'>igne</span> <span class='ocrx_word' id='word_1_201' title='bbox 1154 2599 1339 2656; x_wconf 82' lang='lat' dir='ltr'>duae3»</span> <span class='ocrx_word' id='word_1_202' title='bbox 1619 2612 1661 2644; x_wconf 81' lang='lat'>00</span> 
     </span>
    </p>

    <p class='ocr_par' dir='ltr' id='par_1_12' title="bbox 73 2679 1242 2826">
     <span class='ocr_line' id='line_1_30' title="bbox 73 2679 1226 2745; baseline 0.001 -17"><span class='ocrx_word' id='word_1_203' title='bbox 73 2679 312 2731; x_wconf 75' lang='lat' dir='ltr'>pastores</span> <span class='ocrx_word' id='word_1_204' title='bbox 350 2696 453 2730; x_wconf 91' lang='lat' dir='ltr'>una</span> <span class='ocrx_word' id='word_1_205' title='bbox 490 2682 579 2731; x_wconf 91' lang='lat' dir='ltr'>tris</span> <span class='ocrx_word' id='word_1_206' title='bbox 614 2682 849 2732; x_wconf 89' lang='lat' dir='ltr'>vulnerat</span> <span class='ocrx_word' id='word_1_207' title='bbox 888 2682 968 2731; x_wconf 92' lang='lat' dir='ltr'>ille</span> <span class='ocrx_word' id='word_1_208' title='bbox 1012 2681 1226 2745; x_wconf 89' lang='lat' dir='ltr'>sagitta;</span> 
     </span>
     <span class='ocr_line' id='line_1_31' title="bbox 135 2761 1242 2826; baseline 0 -17"><span class='ocrx_word' id='word_1_209' title='bbox 135 2761 361 2812; x_wconf 88' lang='lat' dir='ltr'>Vulnere</span> <span class='ocrx_word' id='word_1_210' title='bbox 399 2765 500 2812; x_wconf 86' lang='lat' dir='ltr'>tres</span> <span class='ocrx_word' id='word_1_211' title='bbox 538 2778 646 2812; x_wconf 87' lang='lat' dir='ltr'>uno</span> <span class='ocrx_word' id='word_1_212' title='bbox 684 2777 1037 2826; x_wconf 86' lang='lat' dir='ltr'>congemuere</span> <span class='ocrx_word' id='word_1_213' title='bbox 1077 2776 1242 2824; x_wconf 76' lang='lat' dir='ltr'>pares,</span> 
     </span>
    </p>

    <p class='ocr_par' dir='ltr' id='par_1_13' title="bbox 75 2841 1434 2988">
     <span class='ocr_line' id='line_1_32' title="bbox 75 2841 1434 2904; baseline 0.001 -15"><span class='ocrx_word' id='word_1_214' title='bbox 75 2841 226 2890; x_wconf 79' lang='lat' dir='ltr'>Fassa</span> <span class='ocrx_word' id='word_1_215' title='bbox 263 2848 337 2891; x_wconf 92' lang='lat' dir='ltr'>est</span> <span class='ocrx_word' id='word_1_216' title='bbox 376 2858 429 2892; x_wconf 89' lang='lat' dir='ltr'>se</span> <span class='ocrx_word' id='word_1_217' title='bbox 467 2844 653 2892; x_wconf 88' lang='lat' dir='ltr'>victam</span> <span class='ocrx_word' id='word_1_218' title='bbox 695 2845 797 2893; x_wconf 88' lang='lat' dir='ltr'>risu</span> <span class='ocrx_word' id='word_1_219' title='bbox 840 2844 951 2901; x_wconf 79' lang='lat' dir='ltr'>(lea,</span> <span class='ocrx_word' id='word_1_220' title='bbox 992 2847 1174 2904; x_wconf 86' lang='lat' dir='ltr'>terque</span> <span class='ocrx_word' id='word_1_221' title='bbox 1214 2856 1305 2903; x_wconf 86' lang='lat' dir='ltr'>per</span> <span class='ocrx_word' id='word_1_222' title='bbox 1344 2857 1434 2890; x_wconf 75' lang='lat' dir='ltr'>ora</span> 
     </span>
     <span class='ocr_line' id='line_1_33' title="bbox 138 2921 1303 2988; baseline 0.001 -17"><span class='ocrx_word' id='word_1_223' title='bbox 138 2921 337 2988; x_wconf 82' lang='lat' dir='ltr'>Perque</span> <span class='ocrx_word' id='word_1_224' title='bbox 375 2939 537 2988; x_wconf 89' lang='lat' dir='ltr'>genas</span> <span class='ocrx_word' id='word_1_225' title='bbox 575 2929 698 2975; x_wconf 90' lang='lat' dir='ltr'>nato</span> <span class='ocrx_word' id='word_1_226' title='bbox 738 2926 882 2975; x_wconf 88' lang='lat' dir='ltr'>basia</span> <span class='ocrx_word' id='word_1_227' title='bbox 921 2924 1107 2973; x_wconf 85' lang='lat' dir='ltr'>anhela</span> <span class='ocrx_word' id='word_1_228' title='bbox 1135 2922 1303 2972; x_wconf 85' lang='lat' dir='ltr'>dedit:</span> 
     </span>
    </p>
   </div>
  </div>
 </body>
</html>
