2002 3161
287 168 352 218 62
717 166 868 216 Paeti
902 166 1156 217 umanisti
1187 167 1449 231 maggiori

288 294 422 343 Nam
461 293 586 357 quid
629 292 954 342 Panthoiden
994 293 1281 343 fcedantem
1320 294 1576 358 sanguine
1614 294 1800 344 crineis

289 375 420 433 Illos,
459 375 590 437 proh
630 373 826 432 dolor!‚
864 378 1191 438 argentoque
1229 390 1465 438 auroque
1503 375 1787 436 micanteiS,

288 455 432 513 Quid
471 456 670 517 primos
707 470 895 518 querar
932 456 1152 505 heroum
1193 472 1288 518 pro
1327 471 1550 520 corpore
1585 456 1770 507 functo

1987 474 1998 543 ἱ,

287 535 535 586 Certatim
576 536 797 586 obnisos
834 537 966 586 inter
1002 552 1056 587 se
1094 537 1235 586 haud
1274 538 1459 588 cedere
1497 541 1683 597 certOS,
1808 551 1873 584 365
1948 568 1950 573 =
1986 550 1999 595 'a’

286 618 458 681 Atque
495 619 721 667 animam
761 620 1060 667 exanimum
1100 619 1261 669 funus
1297 634 1455 683 super
1492 620 1791 670 exalantes?

287 699 416 748 Ecce
453 713 607 748 suum
648 698 858 748 tandem
898 702 1081 749 cantor
1118 715 1410 763 smyrnaeus
1448 701 1699 750 Achillem

287 780 526 838 Suscitat‚
565 780 832 830 ardentem
873 782 1058 844 clypeo
1097 785 1254 845 atque
1284 782 1602 845 Hyperionis
1628 782 1810 831 orbem

287 859 434 909 Orbe
471 860 810 910 lacessentem
850 861 1071 923 pulchro
1114 865 1163 910 et
1200 862 1505 912 coelestibus
1542 863 1712 921 armis,

287 942 593 1005 Ingentique
632 957 790 991 manu
829 943 1125 992 centaurica
1162 943 1262 992 tela
1299 946 1579 1003 tenentem,
1815 956 1880 988 370

286 1022 457 1085 Atque
494 1023 830 1072 immortaleis
866 1023 1163 1087 adigentem
1204 1024 1253 1072 in
1304 1025 1481 1086 praelia
1517 1024 1682 1088 bigas.

289 1103 387 1152 Hic
423 1119 547 1153 vero
586 1104 824 1154 obversis
862 1106 1080 1155 victoria
1117 1106 1337 1169 remigat
1375 1106 1482 1164 alis,

288 1186 428 1235 Dum
466 1186 598 1249 rapit
636 1187 843 1236 inferias
880 1186 1006 1236 dum
1045 1187 1286 1237 curribus
1324 1188 1405 1237 ille
1441 1188 1667 1251 virisque

285 1266 457 1330 Atque
495 1269 650 1318 armis
688 1271 737 1317 et
773 1269 922 1331 equis
961 1269 1285 1318 minitantem
1325 1269 1560 1318 infestior
1597 1269 1776 1332 implet

285 1348 532 1398 Xanthon
571 1352 621 1398 et
657 1364 864 1399 arsuras
901 1352 1147 1413 angustat
1184 1349 1419 1399 caedibus
1457 1349 1641 1399 undas,
1812 1363 1879 1395 375

285 1429 382 1478 Vix
417 1445 519 1494 ego
557 1445 698 1479 nunc
735 1432 774 1479 si
814 1431 950 1480 mille
987 1434 1178 1480 sonent
1215 1446 1330 1480 mea
1367 1434 1580 1494 pectora
1605 1432 1812 1495 linguiS‚

285 1509 507 1573 Voxque
544 1509 821 1559 adamante
858 1511 1049 1574 rigenS,
1086 1514 1242 1574 atque
1281 1510 1573 1560 indefessus
1609 1512 1815 1561 anhelet

287 1589 508 1652 Spiritus
545 1591 776 1640 infusum
816 1593 957 1641 totos
994 1606 1179 1653 paeana
1216 1606 1309 1654 per
1347 1594 1504 1649 artuS,

288 1673 427 1723 Bella
447 1674 604 1724 defim
627 1690 847 1734 narrem,
868 1678 1056 1725 terram
1073 1676 1238 1737 ipsam
1255 1675 1481 1725 immane
1500 1679 1814 1739 gementem,

286 1753 741 1819 Clangentemque
778 1757 976 1818 polum,
1028 1756 1359 1819 Martemque
1409 1757 1458 1805 in
1506 1757 1690 1820 jugera
1737 1772 1812 1807 se-

1618 1837 1776 1901 [ptem
1813 1849 1878 1881 380

287 1917 591 1966 Porrectum
630 1918 904 1981 multoque
942 1932 1122 1967 comas
1160 1917 1209 1965 in
1249 1918 1461 1980 pulvere
1499 1933 1745 1977 mersum,

288 1999 580 2063 AEgidaque
617 2000 915 2049 horrificam
954 2003 1352 2062 protectamque
1389 2000 1558 2064 aegide
1595 2004 1779 2063 pectus

289 2080 498 2130 Pallada
535 2081 604 2129 nil
644 2082 818 2144 magni
859 2084 1177 2130 metuentem
1216 2081 1435 2130 fulmina
1472 2082 1647 2143 patriS,

289 2161 659 2225 Imbellemque
698 2162 854 2211 deum
892 2162 1164 2222 Venerem,
1206 2165 1255 2211 et
1291 2165 1339 2212 te
1378 2161 1578 2212 Phoebe
1604 2163 1810 2212 tridenti

288 2241 691 2291 Submittentem
729 2258 895 2301 arcus,
932 2246 982 2292 et
1018 2246 1066 2292 te
1104 2243 1298 2292 latonia
1334 2243 1483 2306 virgo
1806 2256 1876 2288 385

281 2322 394 2385 Jam
434 2322 676 2385 pavidam
714 2338 773 2372 ac
809 2339 973 2373 vacua
1009 2324 1331 2387 linquentem
1360 2326 1526 2373 castra
1553 2323 1808 2385 pharetra.

290 2403 400 2452 Nec
437 2404 477 2453 si
516 2405 759 2455 castalios
796 2406 921 2467 ipsis
957 2421 986 2454 a
1022 2405 1259 2455 fontibus
1296 2419 1477 2454 amnes

291 2485 509 2534 l-lauriat
545 2500 606 2535 os
641 2486 870 2544 avidum,
909 2501 1004 2535 nec
1042 2487 1081 2535 si
1120 2485 1356 2548 pirenida
1393 2485 1657 2548 lympham

291 2564 677 2630 Pimplaeosque
714 2567 860 2617 bibat
897 2568 1088 2626 latices,
1126 2582 1334 2630 aequare
1371 2567 1611 2616 canendo

291 2648 519 2699 Hectora
534 2651 884 2714 sanguineum
904 2651 1300 2713 violentumque
1320 2651 1454 2700 ausit
1479 2649 1729 2699 Achillem
1749 2668 1758 2698 z
1810 2662 1876 2695 390

290 2728 519 2777 Hectora
556 2744 652 2791 pro
690 2730 854 2792 patria
891 2730 1165 2792 charisque
1203 2729 1481 2791 penatibus
1518 2743 1682 2778 unum

291 2807 521 2857 Stantem
560 2811 745 2859 animis
781 2813 979 2868 contra,
1017 2810 1184 2872 qualis
1211 2809 1369 2859 draco
1396 2812 1577 2871 pastus
1602 2825 1809 2860 amaros

292 2886 388 2937 Per
425 2888 664 2938 brumam
704 2904 893 2940 succos
928 2892 1220 2940 venientem
1261 2892 1496 2951 expectat
1533 2890 1743 2954 iniquus

1992 1038 2002 1054 -„
1991 995 1993 997 ·
1986 858 2002 943 nutu
1994 819 2002 829 .·
1996 777 1997 780 „
1988 670 2002 707 ,ια’
1996 644 1998 652 -
