2002 3161
606 146 865 197 Giovanni
899 146 1136 195 Pontano
1561 138 1657 186 309

78 279 344 331 Interdum
386 275 582 339 ingenti
621 273 877 323 frondosa
914 286 1006 334 per
1043 270 1155 318 avia
1191 268 1321 316 saltu

78 360 382 423 proripitur,
419 357 761 419 sequiturque
789 354 1053 402 inventam
1090 349 1240 398 fortis
1278 346 1496 395 amicam
1625 356 1670 385 40

79 445 183 493 lam
219 442 399 498 victor,
438 451 562 486 mox
598 436 766 485 victus
800 438 850 483 et
886 446 1098 495 exspes:
1136 430 1258 478 binc
1295 428 1418 476 latet
1454 426 1604 473 antro

78 522 321 580 Abditus,
357 522 407 570 et
444 518 660 567 miseras
696 518 951 578 rumpunt
988 511 1180 575 spelaea
1217 507 1471 572 querelas

79 606 195 667 lpsa
232 604 406 653 autem
445 598 617 649 media
655 597 898 647 divorum
937 595 988 643 in
1026 596 1172 656 parte
1210 588 1417 646 resedit,

78 686 363 735 Autunnus
399 680 615 743 paribus
652 693 758 742 qua
793 681 1034 739 tempora
1071 672 1254 723 dividit
1291 670 1450 720 horis.

78 765 309 829 Virginis
343 763 465 812 hinc
499 762 631 810 facie
667 759 887 822 insignis
923 757 1171 818 flavoque
1213 753 1406 815 capillo
1633 760 1674 791 ⁴5

81 844 388 901 Mercurius,
425 842 651 906 geminae
687 842 904 888 nectunt
941 836 1119 886 talaria
1156 835 1374 897 plantae:

82 929 196 990 lpse
232 940 363 989 puer
398 925 550 973 laetus
586 921 765 972 studio
802 925 852 970 et
889 917 1181 982 puerilibus
1218 915 1386 965 annis.

81 1010 156 1058 Ac
192 1007 405 1058 tandem
442 1004 637 1067 rapidis
673 1004 824 1052 velox
863 1001 1080 1050 Latonia
1117 998 1255 1061 bigis

82 1090 215 1139 Alba
251 1102 415 1152 genas
451 1087 724 1148 niveaeque
761 1084 933 1132 nitens
971 1082 1021 1130 in
1058 1079 1247 1129 vellere
1284 1079 1432 1134 lanae,

0 1191 1 1241 ξ
82 1169 327 1221 Candida
363 1167 632 1218 subrutilis
667 1164 908 1214 redimita
944 1162 1160 1211 monilia
1197 1158 1433 1209 Cancris.
1639 1166 1679 1197 50

0 1246 1 1255 ’
83 1254 222 1316 Ergo
260 1250 349 1300 ubi
386 1262 680 1298 convenere
717 1246 1010 1308 animisque
1047 1242 1350 1306 opibusque
1388 1238 1570 1302 parati,

83 1333 283 1392 Quales
320 1331 444 1381 iussi
482 1329 715 1387 aderant,
754 1326 1044 1389 intentique
1081 1324 1291 1388 agmine
1327 1323 1492 1383 longo

82 1415 367 1477 Expectant
387 1412 597 1474 signum
619 1413 776 1473 atque
794 1409 990 1457 alacres
1010 1408 1274 1469 praecepta
1300 1404 1598 1465 capessunt,

85 1499 223 1547 Tum
259 1495 468 1559 genitor
504 1492 638 1542 solio
674 1491 915 1554 placidus
951 1490 1025 1539 sic
1061 1489 1223 1551 coepit
1260 1487 1326 1536 ab
1366 1486 1504 1534 alto:

157 1576 402 1627 «Cuncta
437 1573 700 1637 equidem,
739 1588 771 1620 o
810 1572 1001 1634 superi,
1040 1570 1234 1633 placuit
1261 1580 1613 1631 quaecumque

1364 1649 1576 1713 [creavi;
1638 1659 1678 1690 55

88 1741 170 1791 Sic
206 1740 364 1797 volui,
404 1752 500 1787 nec
538 1751 636 1786 nos
675 1751 909 1799 unquam
948 1735 1132 1784 fecisse
1170 1732 1385 1795 pigebit.

88 1823 372 1871 Auctorem
410 1820 493 1868 illa
530 1833 685 1868 suum
722 1816 970 1874 referunt,
1008 1829 1105 1864 nec
1143 1813 1321 1863 deficit
1358 1812 1459 1861 illis

90 1904 203 1966 lpse
239 1900 441 1964 opifex3
480 1899 625 1961 operi
665 1897 839 1955 decor,
879 1900 928 1946 et
966 1895 1266 1958 praestantia
1304 1893 1481 1942 iuncta
1507 1893 1614 1946 est3

90 1984 177 2033 Est
212 1982 372 2031 rebus
409 1995 503 2030 sua
539 1980 729 2042 cuique
766 1977 916 2036 fides,
954 1980 1032 2027 est
1067 1980 1117 2026 et
1153 1977 1319 2025 locus.
1360 1975 1537 2036 Ignem

89 2065 149 2113 Et
185 2067 347 2113 terras
384 2063 476 2111 ieci
515 2059 828 2124 primordia3
867 2073 986 2122 quae
1024 2062 1199 2107 tamen
1240 2058 1373 2105 inter
1637 2062 1680 2093 <³0

87 2145 236 2195 Aeris
272 2145 560 2192 immensos
597 2156 815 2204 campos
853 2140 1251 2203 neptunniaque
1289 2151 1425 2194 arva,

90 2225 255 2285 Quod
292 2224 392 2274 sibi
428 2224 664 2286 perpetui
703 2225 966 2272 constaret
1002 2221 1244 2270 machina
1281 2216 1481 2272 mundi,

91 2307 370 2370 Congessi‚
408 2304 776 2367 mundumque
813 2318 965 2366 aequa
1002 2315 1261 2364 compage
1299 2299 1451 2362 ligavi

91 2387 328 2438 Nexibus
365 2386 574 2436 alternis
611 2389 660 2434 et
697 2385 866 2434 amico
905 2384 1111 2446 singula
1146 2382 1335 2430 vinclo

91 2470 202 2519 Vos
239 2472 414 2518 autem
455 2467 572 2516 coeli
612 2467 826 2515 meliore
864 2466 914 2513 in
952 2468 1098 2527 parte
1135 2463 1318 2517 locavi,
1644 2468 1685 2499 63

93 2549 492 2611 AEtheriumque
529 2546 649 2595 dedi
689 2546 912 2595 insontis
948 2545 1182 2594 habitare
1219 2555 1500 2592 recessum.

93 2630 230 2679 Nam
269 2643 573 2692 quanquam
611 2626 771 2690 geniti
809 2630 858 2674 et
895 2625 1084 2687 coeptis
1122 2622 1433 2672 mortalibus
1470 2620 1586 2676 orti,

94 2708 467 2772 Nascendique
502 2709 642 2756 vices
679 2709 729 2756 et
766 2707 866 2755 iam
906 2705 1215 2754 revocabilis
1253 2703 1387 2752 ordo

97 2792 397 2848 Obsistunt,
435 2793 485 2839 at
522 2792 700 2838 nostra
738 2788 834 2837 illis
871 2787 1152 2850 pollentior
1188 2790 1264 2835 est
1301 2786 1390 2841 viS,

97 2873 239 2921 Nom
276 2886 447 2920 rerum
487 2871 673 2928 causiS‚
712 2884 818 2917 non
859 2869 944 2917 ulli
984 2868 1215 2916 obnoxia
1252 2867 1374 2915 fato,
1647 2876 1688 2907 70
