2002 3161
591 163 789 227 Angelo
824 161 1097 212 Poliziatzo
1574 163 1636 211 27

53 289 440 352 Solvunturque
479 291 655 350 putres
692 287 879 350 glebae,
917 300 976 334 ac
1005 285 1231 347 peritura
1269 285 1433 347 lupini
1576 299 1636 328 ιω

56 370 307 420 Germina
344 369 665 431 parturiunt;
704 371 813 416 tum
852 367 985 415 clivo
1024 379 1178 414 rauca
1205 369 1453 414 sonantes

55 452 339 499 Eliciuntur
375 464 557 512 aquae,
596 461 939 511 praecepsque
976 445 1233 495 recumbit
1271 460 1399 508 agro
1438 445 1572 494 fons.

55 531 179 580 Post
217 531 305 580 ubi
342 531 446 594 jam
486 529 661 579 medio
696 529 915 592 vestigia
950 526 1101 576 librat
1139 527 1189 574 in
1227 541 1320 575 axe

57 612 255 662 Ensifer
291 612 477 669 Orion,
515 625 813 674 croceoque
839 609 1058 673 insignis
1094 608 1286 657 amictu

54 694 252 756 Aspicit
287 693 565 742 Arcturum
603 693 755 755 pulsa
791 690 1068 740 Pallantias
1105 688 1308 747 umbra,
1582 702 1642 732 155

54 774 300 824 Sentibus
336 773 627 823 horrenteis
663 772 828 835 aperit
864 772 970 835 iam
1007 771 1158 819 vinea
1184 784 1353 831 sepeS,

53 856 441 919 Aureolamque
479 855 624 904 metit
659 854 813 903 lentis
855 853 920 902 de
957 852 1151 901 vitibus
1190 865 1344 900 uvam

55 938 273 995 vinitor,
310 940 360 986 et
396 937 556 986 foetos
593 934 892 985 rubicundo
932 937 1140 983 nectare
1178 933 1407 989 fructus;

56 1017 210 1076 Quos
246 1018 441 1081 conjux
478 1031 614 1080 quos
650 1016 798 1079 virgo
826 1030 1020 1073 comes,
1059 1029 1151 1077 par
1186 1014 1375 1063 vertice
1414 1013 1578 1071 matri,

55 1100 159 1149 Aut
195 1100 321 1148 cista
358 1101 636 1162 exportant
674 1101 763 1147 aut
801 1096 1042 1146 rasilibus
1068 1095 1390 1145 calathiscis:
1585 1106 1647 1138 160

55 1181 166 1230 Nec
202 1181 422 1230 sentitur
458 1194 594 1229 onus
635 1178 828 1238 studio,
866 1179 1000 1228 levat
1040 1179 1152 1240 ipsa
1177 1177 1412 1227 laborem

57 1262 339 1320 Sedulitas;
378 1262 504 1325 quin
542 1261 826 1324 frugiferos
862 1260 1134 1309 curvantia
1169 1273 1346 1308 ramos

57 1343 221 1392 Poma
258 1344 375 1393 sinu
413 1343 708 1405 baccasque
734 1341 908 1391 ferunt
933 1341 1205 1404 ficumque
1232 1353 1546 1402 nucemque.

56 1425 167 1475 Nec
205 1425 330 1474 nihil
368 1423 513 1474 addit
550 1425 759 1488 hyems:
799 1424 980 1486 nigros
1017 1426 1128 1472 turn
1166 1421 1342 1471 laurea
1377 1421 1538 1470 foetus

57 1507 304 1555 Exuitur:
332 1509 442 1555 tum
471 1509 637 1568 myrta
662 1506 845 1569 legunt
870 1503 1229 1569 glandemque
1255 1502 1525 1560 caducam,
1587 1514 1647 1545 105

59 1586 367 1650 Glaucaque
405 1586 643 1649 palladiae
681 1585 1001 1649 distringunt
1040 1584 1252 1634 brachia
1288 1584 1459 1648 sylvae.

58 1668 226 1717 Nocte
252 1670 426 1717 autem
466 1667 530 1716 ad
568 1653 790 1731 lychnos
827 1670 917 1716 aut
954 1667 1118 1730 junco
1145 1666 1268 1715 texit
1305 1667 1461 1714 acuto

61 1749 342 1808 fiscellam,
382 1752 470 1798 aut
507 1752 675 1798 crates
710 1749 886 1812 virgis,
924 1751 1013 1797 aut
1038 1748 1230 1796 vimine
1268 1747 1455 1810 qualos

59 1831 316 1890 Rusticus,
356 1830 676 1893 infinditque
713 1829 853 1880 faces
890 1832 940 1878 et
976 1829 1172 1879 robora
1207 1828 1340 1888 valli,

60 1913 214 1962 Dolia
251 1926 441 1975 quassa
478 1915 652 1970 novat,
679 1911 1114 1974 ferramentisque
1152 1910 1352 1972 repellit
1589 1920 1651 1951 170

60 1993 380 2052 Scabritiem‚
418 1994 641 2056 tritaque
679 1993 834 2042 docet
862 1992 1229 2055 splendescere
1267 1995 1399 2040 cote.

126 2075 262 2124 Nam
284 2075 411 2137 quid
433 2074 634 2125 delitias
660 2089 947 2124 memorem
968 2075 993 2124 ’ἓ
1012 2088 1279 2137 quamque
1299 2073 1399 2122 alta
1419 2072 1582 2121 labori

61 2156 194 2206 Ocia
230 2155 558 2206 succedant?
587 2157 701 2219 Jarn
739 2157 968 2218 primum
1007 2155 1225 2205 obsessa
1263 2154 1462 2217 pruinis

63 2235 200 2286 Cum
238 2237 365 2300 juga
388 2236 602 2286 floriferi
642 2237 945 2300 regelaverit
982 2251 1107 2285 aura
1143 2235 1335 2294 favoni,

64 2317 230 2367 Suave
268 2320 507 2366 serenato
546 2317 715 2366 rident
739 2332 871 2380 vaga
908 2317 1078 2366 sidera
1103 2317 1267 2373 coelo;
1589 2326 1649 2357 17⁵

65 2398 231 2448 Suave
270 2399 367 2447 ciet
404 2399 582 2448 tardos
619 2413 711 2461 per
747 2398 939 2448 sudum
978 2399 1100 2447 luna
1137 2399 1418 2462 juvencos3

65 2481 178 2542 Ipsa
215 2494 429 2542 quoquc
467 2479 660 2528 aetherii
701 2480 885 2528 melius
913 2481 1039 2528 nitet
1076 2479 1247 2528 orbita
1284 2478 1484 2535 fratris;

64 2560 271 2622 Terque
309 2562 596 2622 quaterque
625 2574 781 2608 manu
822 2559 1150 2609 madidantes
1188 2562 1395 2608 nectare
1423 2559 1592 2607 crines

66 2641 330 2702 Exprimit,
367 2644 417 2690 et
453 2640 635 2704 glebas
671 2640 936 2690 fcecundis
975 2642 1185 2692 roribus
1223 2642 1402 2703 implet

66 2722 227 2771 Vecta
264 2722 532 2771 medusaeo
572 2722 755 2770 titonia
792 2727 1021 2785 praepete
1059 2724 1269 2787 conqu.
1591 2732 1652 2763 180

68 2802 217 2851 Alma
254 2816 449 2851 novum
488 2803 640 2851 tellus
674 2802 818 2851 vultu
858 2804 1167 2854 nitidissima
1203 2819 1417 2867 germen

72 2882 276 2942 Fundit,
314 2886 362 2932 et
400 2884 697 2946 omnigenis
735 2888 884 2934 ornat
923 2900 1016 2935 sua
1054 2890 1292 2949 tempora
1330 2885 1582 2950 gemmis:
