2002 3161
598 216 858 266 Giovatmi
891 216 1127 264 Pontano
1554 220 1650 267 225

198 344 392 406 Lugeat
430 343 564 391 hanc
601 342 838 391 desertus
875 356 998 404 ager
1035 341 1272 390 desertus
1309 344 1358 390 et
1396 342 1581 391 hortus

196 425 254 494 Et
293 424 494 473 deserta
532 426 676 486 teges
714 422 934 471 desertae
971 425 1020 470 et
1057 423 1288 484 compita
1324 422 1484 479 villae;

196 506 452 568 Imprimis
489 505 624 568 luge,
662 503 827 563 labor,
867 504 968 553 heu
1006 503 1155 552 labor
1193 504 1344 562 irrite,
1384 503 1519 566 luge,

197 587 256 635 Et
283 600 464 634 marrae
501 589 550 634 et
588 588 791 649 segetes
828 584 1174 648 fraudataque
1212 585 1427 647 praemia
1453 585 1586 634 ruris

199 669 259 716 Et
275 681 461 716 vanam
480 667 590 716 sine
610 667 760 730 fruge
782 681 997 729 operam
1026 680 1386 729 manuumque
1410 665 1594 715 boum-

1418 748 1554 810 [que.
1615 758 1657 789 40

199 830 274 878 En
311 829 551 892 squalent
589 831 736 891 prata
773 832 822 878 et
860 844 956 878 sua
993 831 1115 878 sunt
1153 829 1263 878 sine
1289 828 1495 877 honore
1519 843 1593 878 sa-

1432 910 1582 973 [licta,

197 991 592 1054 Extinctamque
629 989 895 1039 Ariadnan
923 990 1047 1053 agri,
1076 989 1340 1039 Ariadnan
1368 993 1417 1039 et
1457 991 1584 1052 ipsae

195 1071 332 1122 Cum
349 1072 546 1135 gemitu
562 1071 792 1120 referunt
808 1071 965 1130 silvae,
981 1071 1246 1134 vallesque
1267 1073 1560 1133 queruntur
1576 1086 1586 1128 ;

196 1153 552 1216 Extictamque
588 1151 852 1201 Ariadnan
892 1152 1078 1201 iterant
1115 1152 1391 1201 clamantia
1428 1166 1566 1211 saxa,

199 1235 258 1283 Et
295 1234 454 1284 colles
481 1235 665 1283 iterant
689 1233 970 1293 Ariadnam
998 1232 1264 1282 Ariadnan
1291 1235 1342 1282 et
1367 1248 1561 1283 amnes,
1613 1246 1654 1277 45

196 1315 528 1366 Conveniant
580 1315 774 1364 hululae
823 1314 888 1364 ad
943 1317 1161 1378 questus
1209 1315 1586 1378 geminentque

1287 1397 1587 1459 [querelam‚

199 1478 481 1540 Infelixque
518 1476 781 1527 Ariadnan
819 1478 926 1526 avis
962 1480 1143 1541 gemat
1177 1491 1268 1526 ore
1305 1478 1403 1526 sub
1455 1478 1588 1535 imo;

195 1561 307 1622 lpse
343 1559 497 1608 etiam
536 1559 768 1622 querulae
798 1559 1027 1622 iungant
1064 1559 1287 1620 suspiria
1324 1558 1558 1608 frondes.

263 1640 494 1689 Duxerat
531 1640 643 1702 ipsa
679 1640 775 1689 levi
811 1640 932 1689 fuso
971 1639 1304 1703 subtegmen,
1343 1643 1392 1688 et
1430 1640 1542 1702 ipsa

198 1722 399 1771 Tenuia
437 1721 536 1770 sub
574 1721 724 1770 celeri
760 1724 988 1771 versarat
1026 1721 1213 1784 pollice
1250 1721 1364 1779 fi1a;
1611 1732 1654 1764 50

196 1804 314 1866 lpsa
350 1817 445 1852 sua
482 1803 720 1853 studiosa
758 1818 917 1852 manu
954 1803 1270 1866 glomerarat
1296 1802 1346 1850 in
1386 1801 1586 1861 orbem,

197 1884 369 1947 Atque
406 1884 527 1933 hinc
562 1885 800 1934 vimineis
837 1884 1116 1933 honerarat
1153 1884 1283 1933 lecta
1320 1884 1570 1943 canistriS,

203 1962 345 2011 Dum
384 1964 525 2012 tenui
564 1964 782 2013 insertas
821 1962 1023 2012 orditur
1061 1963 1265 2025 pectine
1304 1962 1444 2021 telaS,

198 2043 355 2094 Unde
391 2044 519 2103 vir0‚
559 2044 699 2093 unde
737 2048 786 2094 et
825 2045 958 2093 natis
997 2058 1091 2094 sua
1128 2046 1266 2092 texta
1302 2046 1522 2106 pararet,

199 2124 356 2174 Unde
394 2125 491 2174 sibi
529 2126 837 2189 cultumque
875 2126 1049 2175 sinum
1087 2128 1136 2174 et
1162 2125 1394 2173 mantilia
1419 2139 1562 2183 cana,
1610 2136 1652 2168 55

198 2205 333 2264 Quis
359 2207 475 2256 olus
496 2207 848 2271 intactamque
874 2221 1048 2256 rosam
1076 2206 1298 2255 deferret
1324 2207 1373 2254 in
1402 2205 1585 2254 urbem

198 2286 369 2350 Atque
405 2302 506 2337 arae
544 2288 727 2338 solitos
764 2303 929 2337 verno
967 2288 1066 2338 sub
1105 2291 1342 2350 tempore
1380 2287 1552 2336 flores.

197 2367 277 2417 Ah
316 2368 483 2428 dolor,
519 2370 584 2418 ah
622 2370 863 2418 lacrimae.
901 2369 1205 2418 Verrentem
1235 2369 1347 2417 licia
1384 2371 1433 2416 et
1460 2383 1581 2417 oras

199 2448 548 2512 Stringentem
585 2450 699 2499 telae
736 2449 1020 2512 radiosque
1056 2452 1106 2498 et
1142 2450 1230 2498 fila
1268 2450 1558 2498 trahentem

198 2527 441 2591 Occupat
478 2532 585 2578 atra
622 2545 780 2579 manu
819 2533 1129 2593 truncatque
1156 2530 1375 2594 rigentia
1400 2543 1564 2592 pensa
1610 2542 1653 2575 60

199 2610 411 2659 lmmitis
450 2611 704 2670 LachesiS,
743 2611 1046 2674 crinemque
1084 2626 1110 2660 e
1148 2612 1337 2660 vertice
1377 2612 1514 2660 vellit

197 2689 542 2753 Purpureum,
580 2694 629 2740 et
666 2691 813 2741 furva
856 2693 1051 2741 circum
1102 2695 1260 2754 caput
1309 2693 1486 2741 horret
1537 2693 1586 2741 in

1364 2773 1586 2837 [umbra.

267 2852 393 2911 Quo
430 2852 604 2902 radii?
641 2853 766 2911 Quo
804 2868 967 2916 pensa
987 2854 1011 2903 Ρ
1036 2854 1187 2914 Quis,
1215 2869 1246 2903 o
1275 2855 1392 2918 quis
1419 2856 1587 2904 stami-

1281 2936 1380 2999 [nis
1416 2950 1544 2986 usus
1565 2935 1589 2983 Ρ

157 3085 207 3117 15.
237 3102 278 3108 —-
306 3084 474 3120 Classici
497 3086 670 3130 Italiani,
698 3088 743 3121 N.
770 3090 801 3121 2.
