2002 3161
645 171 823 234 lacopo
856 169 1158 220 sannazaro
1607 172 1696 220 155

110 295 369 359 Auspiciis
403 299 575 346 vectas
613 296 739 345 haec
777 296 888 358 ipsa
924 295 991 344 ad
1029 296 1179 344 litora
1215 295 1421 344 classes.

177 378 312 426 Tum
351 377 578 440 liquidos
615 377 788 426 fontes
824 376 1004 426 subter
1043 392 1167 425 cava
1206 376 1414 425 moenia
1450 374 1609 433 ducit,

108 458 429 522 Adtollitque
465 473 623 517 arces,
661 461 710 507 et
746 458 976 508 culmina
1012 456 1284 506 montibus
1320 459 1510 520 aequat

109 540 417 589 Tectorum:
453 543 623 589 vastas
659 538 925 602 protendit
962 540 1012 588 in
1051 553 1281 602 aequora
1318 538 1498 596 moles,
1658 548 1698 580 05

108 621 499 684 Euploeamque
536 621 719 684 procul
755 621 971 684 trepidis
1007 620 1095 670 dat
1131 634 1341 670 cernere
1380 619 1566 677 nautis,

106 700 277 765 Atque
314 701 522 751 Pharon
558 702 731 766 jungit
768 702 1035 764 scopuIOS,
1075 703 1462 764 praeruptaque
1500 714 1621 748 saxa

31 781 35 785 ’
107 782 452 842 Theleboum,
490 782 744 847 Sarnique
781 798 977 842 amneS,
1015 786 1064 832 et
1101 783 1319 846 pinguia
1354 781 1508 830 culta.

173 863 308 912 Tum
335 864 488 923 canit,
515 867 572 914 ut
598 863 886 928 Corydona
912 878 1061 914 sacro
1089 864 1366 913 Melisaeus
1403 863 1452 911 in
1481 864 1631 910 antro

104 943 301 993 Viderit
336 947 386 993 et
422 945 652 994 calamos
689 945 846 994 labris
883 944 1173 994 admoverit
1210 943 1407 993 audax:
1656 953 1698 987 70

105 1025 416 1075 Formosum
455 1026 649 1089 quibus
687 1026 769 1075 ille
806 1027 929 1075 olim
967 1028 1197 1075 cantarat
1232 1025 1431 1083 Alexin,

103 1106 314 1156 Dixerat
349 1110 399 1156 et
436 1108 641 1156 Musam
680 1108 952 1166 Damonis,
990 1111 1039 1157 et
1076 1107 1430 1170 Alphesiboei.

101 1187 267 1246 Queis
302 1188 479 1247 fretus,
518 1188 745 1238 dictante
782 1189 909 1248 Dea,
948 1191 1025 1238 tot
1061 1189 1231 1238 sidera
1268 1188 1426 1237 nobis

102 1268 410 1328 prodiderit,
448 1272 617 1319 tantas
653 1271 778 1320 caeli
816 1269 1116 1333 patefecerit
1153 1284 1288 1319 oras.

154 1349 299 1408 Quid
320 1351 539 1400 referam
559 1355 648 1401 aut
668 1351 887 1410 Stabias‚
903 1355 991 1401 aut
1012 1366 1147 1415 quae
1168 1351 1398 1400 tenuisse
1414 1349 1621 1399 canoris
1647 1358 1690 1393 75

99 1431 403 1495 Virginibus
438 1433 576 1482 fama
611 1436 688 1483 est
725 1433 980 1483 abeuntes
1017 1448 1140 1483 saxa
1176 1431 1416 1482 carinas?

98 1511 202 1562 Aut
239 1516 295 1562 ut
331 1514 538 1563 terrifici
575 1515 799 1573 sonitus,
839 1515 1123 1578 ignemque
1159 1513 1362 1572 Vesevi,

101 1593 160 1642 Et
197 1593 457 1644 desolatas
493 1596 687 1657 passim
726 1595 992 1645 defleverit
1029 1595 1227 1645 urbes?

101 1674 375 1725 Postremo
412 1691 577 1740 regeS,
614 1692 905 1741 regumque
942 1692 1004 1726 ex
1040 1676 1226 1726 ordine
1262 1689 1470 1739 pugnas

102 1756 405 1807 Enumerat:
447 1757 672 1821 bellique
708 1760 858 1817 artes,
895 1760 944 1807 et
981 1757 1212 1820 praemia
1249 1758 1436 1805 narrat.
1652 1763 1693 1794 80

209 1911 252 1951 V.
281 1912 349 1951 66.
379 1911 688 1962 Euploeamque
710 1913 872 1962 procul,
903 1915 981 1951 etc.
1015 1900 1045 1950 ΪΞ
1066 1911 1255 1951 l’attuale
1275 1911 1441 1950 isoletta
1470 1909 1512 1947 di
1543 1907 1696 1947 Gaiola

99 1983 162 2017 tra
192 1979 348 2028 Napoli
377 1990 399 2017 e
429 1978 645 2018 Pozzuoli.

208 2045 252 2084 V.
282 2046 349 2085 67.
369 2045 504 2095 Atque
520 2045 696 2085 Pharon
701 2046 856 2096 jungit
873 2046 1101 2095 scopulos..
1118 2075 1125 2083 .
1150 2046 1271 2092 Faro,
1291 2043 1453 2094 piccola
1468 2042 1575 2081 isola
1590 2041 1695 2080 sulle

99 2115 214 2151 coste
230 2112 492 2162 dell'Egitto,
514 2112 560 2151 fu
580 2113 814 2162 congiunta
832 2113 884 2152 ad
900 2113 1172 2152 Alessandria
1194 2123 1269 2161 per
1285 2123 1430 2150 mezzo
1447 2111 1489 2149 di
1507 2121 1562 2148 un
1579 2108 1694 2147 molo

97 2179 233 2228 lungo
264 2180 364 2219 1260
391 2190 446 2218 m.
470 2179 591 2229 (sette
619 2180 745 2226 stadi,
777 2192 799 2218 e
830 2191 905 2229 per
934 2178 999 2218 cio
1029 2180 1146 2218 detto
1177 2178 1455 2228 Eptastadio),
1488 2189 1509 2215 e
1544 2178 1696 2214 ornata

99 2245 142 2284 di
160 2257 244 2284 una
263 2248 377 2284 torre
397 2257 647 2293 marmorea,
670 2257 802 2295 opera
823 2246 864 2284 di
887 2246 1078 2285 Sostrato
1099 2247 1170 2296 (111
1191 2257 1273 2284 sec.
1297 2257 1333 2284 a.
1358 2244 1425 2294 C).
1457 2243 1500 2281 di
1531 2242 1692 2288 Cnido,

98 2313 140 2351 in
170 2312 277 2351 eima
304 2312 414 2352 della
441 2313 567 2363 quale
596 2314 630 2352 si
660 2313 957 2352 accendevano
978 2312 1124 2352 fuochi
1155 2312 1361 2357 notturni,
1394 2309 1581 2349 affinche
1610 2320 1694 2348 ser-

97 2379 259 2418 vissero
287 2379 330 2417 di
360 2379 493 2429 guida
521 2380 558 2418 ai
588 2379 833 2428 naviganti;
863 2379 977 2417 onde
1015 2379 1087 2428 poi
1116 2379 1143 2417 il
1174 2389 1299 2417 nome
1329 2377 1371 2415 di
1395 2377 1501 2426 faro
1531 2387 1554 2414 a
1582 2375 1696 2414 simi-

98 2445 248 2495 glianti
276 2446 534 2485 costruzioni
564 2457 588 2484 a
616 2446 672 2484 tal
702 2456 781 2484 uso
810 2445 982 2484 adibite.
1016 2447 1071 2484 La
1100 2448 1214 2483 torre
1253 2443 1419 2489 rovinia,
1450 2453 1595 2481 scossa
1625 2442 1692 2480 dai

97 2511 328 2557 terremoti,
359 2511 424 2549 nel
450 2512 562 2557 1303,
595 2511 712 2559 dopo
745 2512 844 2549 1600
874 2511 973 2549 anni
1002 2511 1056 2549 da
1085 2511 1161 2550 che
1190 2522 1261 2549 era
1289 2513 1396 2548 stata
1424 2508 1641 2548 costruita.

206 2578 275 2617 Vv.
311 2578 452 2616 67-68.
491 2578 815 2627 Praeruptaqne
840 2588 946 2616 saxa
979 2577 1239 2616 leelebmim.
1272 2577 1286 2614 1
1314 2576 1505 2622 Teleboi,
1536 2573 1690 2614 antichi

99 2644 246 2693 popoli
284 2644 328 2682 di
357 2643 539 2683 barbara
566 2644 713 2692 stirpe,
743 2644 777 2682 si
806 2643 1060 2683 stabilirono
1099 2643 1452 2689 nell'Acarnania,
1492 2642 1610 2690 dopo
1649 2641 1690 2679 di

97 2721 197 2749 aver
225 2710 383 2749 abitato
413 2709 440 2748 il
478 2721 653 2759 gruppo
695 2709 803 2749 delle
839 2710 944 2749 isole
974 2710 1090 2748 detto
1123 2710 1246 2759 Taso,
1278 2721 1354 2748 ora
1382 2708 1610 2758 Meganisi.

206 2777 250 2816 V.
282 2777 348 2816 75.
381 2776 498 2824 Quid
523 2776 710 2825 referam
737 2778 814 2815 aut
839 2775 1025 2823 Stabias,
1055 2779 1132 2814 etc.
1164 2775 1307 2815 Stabia
1335 2787 1519 2826 sorgeva
1541 2785 1689 2824 presso

98 2844 124 2882 il
154 2846 298 2882 monte
329 2843 522 2891 Lacteris,
553 2846 617 2880 tra
649 2842 823 2892 Pompei
852 2854 874 2881 e
904 2842 1135 2881 Sorrento:
1166 2842 1211 2882 fu
1233 2843 1429 2882 distrutta
1459 2843 1512 2880 da
1540 2841 1640 2880 Silla
1668 2853 1690 2879 e

95 2909 266 2957 sepolta
288 2908 399 2948 dalle
420 2907 610 2947 eruzioni
629 2908 857 2948 vesuviane
875 2908 943 2947 del
965 2909 1015 2947 79
1034 2908 1076 2946 d.
1100 2907 1150 2947 C.
