2002 3161
114 1112 224 1162 Μα.

110 1356 189 1405 Le.

643 175 903 224 Giovamzi
938 175 1171 224 Pontano
1605 176 1700 224 203

243 301 439 353 Blanda
476 304 647 351 tamen
684 301 955 363 facilisque
993 302 1044 349 et
1081 303 1251 348 amata
1288 298 1355 348 ad
1395 312 1611 348 munera

1431 379 1631 443 [comis.

242 463 380 514 Mine
415 463 606 513 adsunt
642 462 764 512 huic
802 460 1004 511 deliciae
1040 464 1090 511 et
1128 460 1270 509 bona
1306 459 1592 509 commoda

1455 541 1632 605 [ruris;

242 625 361 676 Una
397 624 522 674 mihi
561 623 767 674 invidiae
802 626 879 673 est
915 623 1114 681 corniX‚
1153 623 1238 672 cui
1269 625 1462 671 noctua
1489 621 1632 671 Bauli

243 705 470 756 Cesserit
506 709 662 769 atque
700 705 866 755 oculis
893 704 1146 754 Sabuloni
1172 703 1450 767 gracculus
1486 703 1633 752 albis,

244 787 371 837 Haec
407 790 480 836 et:
527 806 548 831 «
574 786 718 836 Have
756 786 990 836 formosa
1016 788 1065 835 et
1101 785 1225 835 hera
1252 800 1284 834 O
1312 784 1436 834 mihi
1464 799 1582 834 cara
1605 808 1625 828 :›>

1342 866 1563 929 [salutat‚
1657 878 1699 910 90

240 948 652 1012 Observansque
689 948 853 998 fores:
897 947 1088 1006 «Quis,
1127 948 1214 1006 ait,
1254 962 1394 996 nunc
1431 947 1602 996 hostia

1351 1028 1585 1093 [pulsat?
1608 1048 1629 1072 »

263 1110 464 1161 Cedam
503 1125 603 1174 ego
642 1109 935 1160 turturibus
984 1109 1147 1173 nigris
1196 1112 1497 1173 nostraeque
1545 1124 1629 1159 co-

1402 1190 1630 1255 [lumbae,

243 1272 425 1335 Sitque
462 1273 621 1322 semel
659 1271 850 1322 vidisse
888 1270 1057 1321 deam.

1056 1352 1150 1403 Vel
1187 1353 1403 1402 cesseris
1429 1353 1567 1412 alne,

240 1434 321 1484 Ad
358 1448 517 1497 quarn
555 1433 751 1483 defossi
791 1436 1002 1483 centum
1041 1433 1108 1482 illi
1146 1447 1208 1482 ex
1246 1447 1348 1482 aere
1386 1433 1600 1482 trientes

242 1516 535 1566 Servantur.
573 1514 729 1564 Nunc
767 1514 850 1570 illa
887 1512 1032 1563 dorni
1069 1517 1217 1576 parat
1254 1514 1405 1563 anxia
1441 1515 1586 1563 lactis
1658 1526 1698 1558 9⁵

242 1596 571 1647 Candentem
597 1596 782 1645 florem
810 1596 965 1644 misto
992 1598 1042 1644 et
1066 1610 1187 1644 cum
1215 1596 1365 1645 melle
1391 1595 1631 1653 farinam,

242 1678 367 1726 Mox
403 1677 600 1740 subigit
635 1677 900 1727 succincta
936 1676 1126 1734 sinum,
1165 1675 1361 1725 nudata
1411 1677 1633 1726 lacertos

244 1760 566 1823 Praestringit
601 1760 765 1809 violas
801 1759 947 1809 albas
983 1762 1034 1808 et
1071 1759 1173 1808 lilia
1209 1774 1353 1809 cana.

243 1841 573 1903 Parthenope
610 1845 720 1890 tum
759 1841 897 1890 culta
934 1855 1121 1890 manus
1159 1841 1402 1890 miratur:
1442 1840 1512 1889 ibi
1552 1841 1633 1889 illa

242 1923 508 1972 Lacteolas
545 1925 594 1971 et
630 1922 945 1985 thyrsiculos
981 1924 1030 1971 et
1067 1921 1306 1971 oluscula
1342 1923 1530 1985 signat,
1638 1932 1698 1964 100

240 2003 362 2053 Inde
400 2004 521 2052 latet
557 2003 729 2053 forma
765 2004 1095 2066 nimiumque
1132 2007 1182 2052 et
1219 2002 1343 2052 dote
1381 2003 1630 2066 superba.

242 2084 435 2134 Verum
473 2099 569 2148 age
606 2086 655 2133 et
692 2084 809 2143 hoe,
846 2085 1054 2143 coniuX,
1094 2084 1192 2149 (fas
1229 2084 1324 2148 est)
1365 2084 1631 2148 requiesce

1324 2164 1441 2229 [sub
1480 2179 1627 2214 arcu:

244 2247 379 2296 Nam
415 2246 620 2295 defessa
643 2247 793 2295 traho
819 2247 902 2294 vix
925 2261 1115 2310 genua,
1144 2249 1192 2295 et
1221 2247 1396 2309 inepta
1422 2246 1629 2295 canistri

244 2328 455 2379 Sarcina
491 2342 573 2377 me
608 2330 804 2391 gravat,
842 2330 891 2376 et
928 2328 1061 2377 clivo
1099 2326 1406 2377 sudavimus
1442 2327 1618 2385 amb0‚

243 2409 425 2472 Nuper
459 2411 508 2458 et
545 2409 628 2458 hic
664 2409 914 2458 cecinisse
952 2408 1125 2458 ferunt
1163 2409 1417 2458 Meliseon
1457 2412 1506 2458 et

1374 2490 1561 2554 [aegras
1633 2501 1695 2533 10⁵

242 2570 507 2620 Solantem
545 2584 696 2620 curas
733 2584 828 2619 nec
866 2571 1007 2619 mitia
1044 2570 1148 2619 fata
1183 2573 1481 2633 gementem

243 2649 642 2713 Phosphoridos
680 2652 841 2699 natae:
879 2665 943 2699 en
981 2651 1064 2699 hic
1100 2665 1127 2698 e
1166 2649 1397 2699 turribus
1434 2650 1548 2700 altis

241 2731 433 2780 Fistula
470 2729 749 2793 dependet,
787 2731 908 2780 saevi
947 2733 1291 2779 monumenta
1328 2730 1543 2789 doloris,

243 2810 506 2876 Signaque
543 2814 681 2860 certa
718 2815 944 2871 manent,
983 2812 1292 2875 numerique
1319 2826 1412 2875 per
1448 2827 1540 2861 ora
1566 2813 1633 2861 fe-

1394 2893 1628 2957 [runtur:
