2002 3161
617 175 794 238 lacopo
827 173 1126 224 Sannazaro
1579 175 1668 224 153

89 299 275 349 Gentis
311 299 507 348 honos:
546 298 661 347 licet
698 297 870 347 effuso
909 297 1087 360 Tagus
1126 296 1336 358 impleat
1374 310 1519 354 auro,

90 381 148 428 Et
185 382 328 442 pater
364 379 612 429 Oceanus
647 378 911 441 spumanti
950 378 1152 440 perluat
1189 376 1346 426 unda.

88 461 224 510 Nam
245 461 384 520 mihi,
405 475 525 510 nam
546 463 754 522 tempus
773 459 960 517 veniet,
987 472 1151 521 quum
1177 456 1380 506 reddita
1405 460 1611 519 sceptra
1639 469 1674 502 15

88 542 458 605 Parthenopes,
495 541 793 604 fractosque
830 543 918 589 tua
955 539 1053 590 sub
1091 538 1309 601 cuspide
1348 553 1500 602 reges

88 624 199 686 lpse
236 638 445 673 canam:
484 637 625 672 nunc
661 622 896 671 litoream
935 636 1000 670 ne
1037 620 1248 682 despice
1285 620 1520 677 Musam;

87 704 262 763 Quam
300 705 390 754 tibi
427 708 547 767 post
582 704 749 763 silvaS,
787 706 907 766 post
944 701 1156 752 horrida
1192 703 1352 752 lustra
1391 701 1590 764 Lycaei,

87 785 268 849 Siquid
306 786 356 835 id
393 789 483 845 est,
522 785 682 835 salsas
720 784 911 834 deduxi
949 784 1150 846 primus
1186 783 1251 832 ad
1290 781 1476 842 undaS,

0 917 1 935 χ
84 867 258 917 Ausus
293 868 558 929 inexperta
594 870 791 916 tentare
828 865 1057 928 pericula
1095 864 1298 928 cymba.
1634 875 1677 906 20

151 947 304 1006 Quae
323 948 456 997 vada
476 963 583 997 non
606 950 818 1006 norunt,
839 948 957 1010 quis
983 946 1147 996 nescit
1173 945 1361 995 Protea
1386 945 1611 1007 portus?

85 1029 229 1078 lllum
267 1030 391 1079 olim
428 1030 613 1079 veteris
650 1031 951 1091 pascentem
989 1027 1055 1077 ad
1094 1042 1216 1076 saxa
1261 1027 1541 1086 Minervae,

83 1112 507 1175 Mulcentemque
543 1126 663 1160 suas
700 1110 878 1159 divino
916 1110 1145 1159 carmine
1189 1108 1406 1171 phocas,

84 1193 122 1241 Ε
159 1193 323 1255 puppi
361 1207 569 1242 sensere
605 1191 937 1250 MelanthiuS‚
975 1194 1024 1239 et
1062 1189 1452 1248 Phrasidamus,

83 1274 154 1323 Ut
190 1274 322 1323 forte
358 1289 387 1323 a
423 1273 642 1336 Capreis
678 1273 906 1323 obscura
941 1275 1095 1321 nocte
1132 1270 1405 1320 redibant:
1633 1281 1675 1313 2⁵

84 1355 301 1405 Sensere
337 1359 386 1405 et
421 1356 565 1405 vario
603 1354 880 1418 delphinas
916 1353 1096 1403 ludere
1133 1367 1308 1412 cursu,

84 1438 467 1500 Tritonumque
503 1437 676 1486 choris
713 1436 872 1500 longe
907 1435 1038 1484 freta
1074 1435 1227 1497 pulsa
1266 1447 1470 1483 sonare.

84 1518 196 1580 lpse
232 1521 405 1568 autern
444 1517 856 1581 haudquaquam
895 1517 1098 1566 mortali
1138 1515 1299 1579 digna
1335 1514 1509 1564 referri

82 1599 255 1649 Verba
291 1614 426 1649 sono
461 1614 654 1649 vacuas
690 1599 856 1648 laetus
894 1598 1140 1648 cantabat
1177 1597 1242 1647 ad
1279 1610 1458 1645 auras:

84 1682 367 1745 Terrigena
392 1685 448 1731 ut
473 1680 745 1744 quondam
773 1681 950 1730 matris
976 1680 1040 1730 de
1064 1682 1244 1730 ventre
1271 1678 1541 1741 Tiphoeus
1632 1688 1676 1719 ³0

83 1763 347 1821 ExsilienS,
385 1762 599 1812 infanda
635 1762 779 1812 Deos
816 1761 882 1811 ad
924 1761 1060 1811 bella
1095 1762 1358 1810 vocasset:

82 1843 153 1893 Ut
187 1843 403 1893 fratrum
441 1844 655 1906 primus,
694 1843 878 1902 FuriiS,
914 1845 963 1892 et
1000 1841 1269 1891 hiantibus
1310 1839 1489 1904 hydris

82 1925 381 1984 InstructuS,
419 1924 610 1974 densas
647 1923 934 1974 ductaverit
972 1924 1082 1986 ipse
1118 1925 1374 1972 catervas:

81 2005 151 2055 Ut
188 2007 304 2056 nisu
341 2007 537 2070 ingenti
576 2009 749 2069 partes
788 2006 852 2055 de
890 2008 1071 2055 monte
1113 2004 1345 2054 revulsas

79 2086 371 2146 Aenariam,
409 2086 815 2150 Prochytenque
852 2086 966 2136 altis
1003 2085 1273 2136 immiserit
1310 2083 1485 2140 astris;
1632 2093 1672 2125 35

189 2241 232 2281 V.
261 2243 322 2281 21.
354 2241 523 2289 Proteo,
555 2241 597 2280 di
617 2241 684 2280 cui
705 2240 727 2280 e
747 2243 851 2280 noto
874 2241 901 2280 il
921 2241 1040 2288 mito,
1060 2239 1168 2279 ebbe
1189 2239 1244 2278 da
1273 2238 1463 2277 Nettuno
1491 2234 1674 2274 l’ufficio

80 2308 121 2347 di
150 2310 363 2348 custodire
390 2310 428 2349 le
459 2309 602 2349 Orche
630 2309 805 2348 marine.

189 2374 232 2414 V.
250 2376 317 2414 22.
346 2374 504 2414 Veteris
524 2406 531 2414 .
552 2406 559 2414 .
580 2406 587 2415 .
610 2375 851 2413 Minervae:
872 2373 1014 2412 Prom.
1037 2373 1269 2417 Minervae,
1289 2370 1395 2420 oggi
1412 2369 1549 2408 Punta
1565 2368 1674 2407 della

79 2440 368 2490 Campanella,
399 2452 642 2491 sporgenza
670 2442 844 2490 ingente
871 2451 894 2479 e
922 2450 1090 2479 sassosa
1117 2439 1194 2478 che
1223 2437 1362 2476 forma
1399 2436 1425 2474 il
1465 2434 1588 2484 golfo
1627 2434 1670 2473 di

80 2507 236 2556 Napoli
265 2519 289 2546 a
316 2507 420 2555 Sud,
451 2508 492 2546 in
523 2507 655 2547 faccia
684 2507 751 2546 all’
771 2507 876 2546 isola
906 2507 947 2545 di
977 2506 1121 2555 Capri.
1153 2506 1305 2544 Trasse
1325 2503 1351 2542 il
1373 2513 1452 2542 suo
1473 2513 1598 2540 nome
1619 2501 1673 2540 da

80 2585 135 2612 un
165 2574 324 2623 tempio
354 2574 396 2612 di
426 2574 619 2612 Minerva
647 2573 723 2613 che
751 2584 934 2622 sorgeva
962 2583 1011 2611 su
1041 2572 1080 2610 la
1099 2582 1176 2610 sua
1203 2573 1328 2609 vetta.

188 2638 256 2678 Vv.
285 2639 422 2678 30-31.
449 2638 655 2688 Tiphoeus
674 2668 683 2676 .
705 2668 713 2677 .
732 2669 740 2677 .
758 2638 943 2687 infanda
959 2637 1082 2684 Deos,
1104 2638 1181 2674 etc.
1207 2623 1236 2673 1'3
1256 2634 1283 2673 il
1305 2634 1468 2673 minore
1488 2633 1555 2671 dei
1578 2632 1671 2681 figli

80 2701 122 2740 di
153 2702 245 2741 Gea
272 2714 294 2741 e
323 2703 391 2741 del
419 2703 612 2748 Tartaro,
645 2702 818 2751 gigante
849 2702 1063 2751 poderoso
1093 2700 1169 2739 che
1191 2702 1353 2748 pretese
1374 2698 1416 2737 di
1446 2697 1674 2746 signoreg-

80 2769 197 2817 giare
226 2769 285 2819 gli
316 2770 394 2808 Dei
423 2781 444 2808 e
475 2769 534 2818 gli
564 2769 741 2808 uomini.
772 2768 910 2808 Giove
938 2768 979 2806 lo
1009 2766 1178 2806 abbatte
1206 2766 1271 2805 col
1301 2776 1380 2805 suo
1409 2764 1600 2803 fulmine.
1623 2762 1664 2801 Si

78 2834 121 2873 fa
149 2836 380 2875 animatore
409 2836 476 2874 dei
504 2835 700 2882 vulcani;
731 2835 843 2874 onde
872 2835 1112 2873 l’allusione
1141 2833 1215 2883 qui
1246 2832 1312 2871 del
1342 2831 1383 2870 S.
1425 2831 1490 2870 del
1521 2840 1672 2878 sorger

80 2901 296 2941 dall'onde
324 2902 432 2941 delle
459 2901 564 2941 isole
593 2901 635 2940 di
666 2901 845 2941 Procida
874 2912 896 2939 e
925 2900 1072 2940 ischia.
