2002 3161
642 132 902 183 Oiovanni
935 133 1171 180 Pontano
1596 133 1692 182 313

108 262 181 310 Ac
218 262 282 310 de
320 260 582 309 textilibus
618 258 901 321 pendentia
936 258 1079 306 citria
1117 258 1306 313 ramis;

108 342 284 400 Citria,
321 355 440 404 quae
478 355 684 402 semper
723 339 856 403 (visu
896 337 1152 401 mirabile)
1190 353 1406 386 vernum

108 422 316 485 Spirant
351 421 482 471 flore
519 420 696 480 decus,
734 433 1048 482 semperque
1085 419 1302 467 nitentia
1338 419 1500 482 gratis

108 502 348 552 floribus
385 517 444 551 ac
481 502 613 551 foetu
651 504 951 565 aeternaque
986 500 1205 549 virentia
1242 499 1452 559 fronde,

107 583 269 634 Citria
305 583 609 646 amalphaeis
646 582 841 632 latebra
877 580 1018 631 haud
1057 580 1397 630 incommoda
1436 595 1578 644 nym-

1462 662 1599 725 [phis
1638 672 1699 704 με

174 745 401 808 Coepere
437 748 487 794 et
522 744 713 794 virides
750 745 921 793 mirari
960 744 1179 792 flumina
1216 745 1382 805 ripas;

106 825 358 876 Canentis
395 826 563 877 Ufens
600 826 797 884 saliceS‚
835 829 886 875 et
922 825 1092 873 flavus
1128 839 1286 873 arena

106 907 368 969 Populeas
405 907 630 970 Thybris
667 905 900 964 frondes,
937 905 1134 968 quique
1171 918 1387 967 aequora
1423 903 1575 952 findit

105 988 324 1047 Gallica,
360 987 633 1052 quondam
671 988 825 1036 etiam
864 987 1103 1035 lacrimas
1140 985 1445 1034 phaetontis
1471 985 1627 1033 amati

104 1069 363 1118 Eridanus
400 1069 650 1119 misturus
685 1069 851 1131 aquis,
890 1068 1106 1116 miratur
1141 1070 1191 1115 et
1227 1066 1405 1115 alnum
1638 1078 1700 1109 150

104 1149 214 1199 Nar
250 1164 502 1212 praeceps,
539 1148 875 1198 frondentem
912 1148 1107 1207 alnum,
1146 1148 1362 1196 miratur
1399 1150 1449 1196 et
1486 1147 1596 1208 ipse

105 1231 386 1281 Coeruleus
424 1231 565 1290 Liris,
604 1234 714 1280 tum
753 1231 956 1279 cinctus
992 1228 1250 1278 arundine
1288 1230 1483 1277 crinem

104 1313 411 1371 Vulturnus,
448 1312 796 1375 flammasque
833 1311 991 1360 desim
1029 1325 1282 1360 sensurus
1320 1310 1565 1371 Enipeus.

106 1393 277 1443 Sensit
313 1393 567 1442 odoratos
604 1392 763 1442 lndus
800 1391 1135 1441 subolescere
1172 1405 1351 1440 ramos

105 1474 357 1524 Cceruleo
394 1489 514 1524 cum
542 1473 749 1537 Gange,
776 1487 906 1523 cavo
931 1477 981 1522 et
1007 1475 1165 1535 caput
1190 1472 1369 1522 extulit
1396 1475 1573 1528 antro;
1640 1484 1699 1515 133

107 1556 278 1606 Sensit
313 1555 623 1604 thuriferum
661 1556 760 1604 late
798 1569 986 1604 nemus
1022 1555 1157 1603 altus
1196 1552 1475 1617 l-lydaspes

105 1639 166 1686 Et
203 1653 297 1687 sua
334 1637 588 1687 Oronteae
625 1640 902 1686 senserunt
938 1637 1183 1685 cinnama
1219 1636 1363 1698 ripae.

106 1719 248 1766 Dum
288 1718 467 1781 Tagus
503 1717 729 1767 aurifluo
765 1719 1001 1766 vectatur
1035 1717 1260 1780 gurgite,
1299 1718 1350 1765 et
1386 1714 1542 1764 undis

106 1800 159 1847 ln
199 1814 341 1848 mare
377 1799 573 1861 rumpit
611 1798 767 1857 Anas,
805 1799 994 1848 sullato
1031 1798 1229 1846 lumine
1266 1800 1486 1860 uterque

107 1880 319 1930 Pirenes
355 1880 587 1942 scopulis
622 1879 897 1929 viridantia
934 1879 1130 1929 robora
1165 1879 1265 1928 late
1640 1889 1704 1921 160

107 1961 440 2024 prospiciunt
475 1961 672 2010 variare
709 1975 889 2010 comas
926 1960 1248 2023 admotaque
1284 1960 1422 2008 ccelo

107 2043 211 2092 lam
249 2057 467 2092 nemora
502 2045 553 2091 et
589 2041 780 2091 densas
817 2056 910 2104 per
946 2056 1068 2090 saxa
1104 2040 1325 2104 rigentia
1362 2043 1526 2088 taxos.

107 2124 239 2173 Ecce
276 2124 375 2174 sub
414 2124 526 2173 haec
561 2124 701 2172 varia
738 2138 851 2173 sese
891 2123 1070 2186 Tagus
1108 2121 1291 2184 integit
1329 2120 1533 2178 umbra,

108 2206 222 2267 lpse
259 2209 309 2254 et
346 2205 488 2255 Anas
523 2205 671 2254 viridi
711 2206 851 2267 ripas
887 2205 1107 2253 vestitus
1143 2204 1336 2252 amictu

109 2286 392 2335 frondenti
430 2286 634 2335 vehitur
671 2300 763 2348 per
797 2285 1017 2334 flumina
1054 2299 1261 2333 summa
1299 2284 1532 2345 phaselo.
1639 2296 1700 2328 165

109 2366 268 2416 Haud
306 2366 373 2415 illi
413 2366 594 2415 invidit
632 2366 904 2424 Sicorisve,
942 2368 1031 2414 aut
1068 2365 1240 2414 cultor
1277 2364 1508 2413 Hiberus

109 2448 299 2498 Gentis
336 2448 517 2497 iulaeae.
556 2447 717 2507 Quin,
756 2461 861 2510 qua
896 2461 1064 2510 vagus
1101 2461 1318 2509 aequora
1355 2445 1523 2504 findit,

110 2530 212 2579 Hic
247 2529 466 2579 choreas
504 2528 626 2591 agit,
663 2531 712 2577 et
750 2528 1065 2590 praecinctus
1100 2526 1358 2576 arundine
1394 2527 1620 2576 frontem

110 2609 324 2660 Gaudet
360 2624 533 2674 agros,
570 2608 766 2673 gaudet
801 2609 970 2658 lenaeo
1007 2608 1220 2671 palmite
1257 2610 1445 2657 terram

110 2690 418 2753 Hesperiam
456 2689 702 2739 frondere
738 2692 788 2739 et
824 2689 1048 2739 alescere
1082 2688 1277 2738 vitibus
1314 2688 1502 2738 ulmos,
1636 2700 1696 2731 ΠΟ

109 2770 274 2828 Quod
311 2770 544 2830 frondeS,
583 2769 769 2828 Penee‚
796 2784 962 2819 novas
987 2769 1173 2818 mirare
1193 2769 1218 2818 Ρ
1243 2768 1389 2826 Quid
1417 2768 1636 2818 umbras

110 2852 171 2900 Et
208 2852 427 2902 lauros?
461 2852 648 2900 Visure
685 2851 841 2900 deum
883 2865 976 2913 per
1012 2864 1209 2912 pascua
1246 2851 1391 2899 laetas
