2002 3161
246 215 310 263 78
677 210 828 260 Poeti
861 208 1109 260 amanisti
1141 206 1401 273 maggiori

240 339 422 389 Delius
458 338 825 401 alternumque
865 337 965 400 piae
1002 336 1236 386 cecinere
1273 348 1500 392 sorores,

239 421 437 470 Placari
475 423 755 483 totumque
791 433 886 468 sua
924 416 1223 467 diffundere
1261 414 1523 465 mundum

243 501 449 550 Laeticia
484 502 534 548 et
572 498 750 549 subito
788 497 984 547 coelum
1012 497 1301 546 instaurare
1338 507 1542 544 sereno.

306 581 463 630 Nunc
499 594 612 643 age,
651 579 740 642 qui
768 580 915 628 tanto
943 591 1089 627 sacer
1114 577 1197 625 hic
1221 576 1368 625 furor
1394 575 1571 623 incitet
1598 575 1762 623 oestro

241 660 420 712 Corda
436 660 623 718 vlrum,
650 673 811 722 quam
832 657 1145 720 multiplices
1164 656 1293 705 ferat
1319 654 1508 704 enthea
1527 656 1707 716 partus
1767 665 1830 696 140

242 743 393 792 Mens
431 742 535 791 alto
572 742 799 805 cognata
836 739 979 802 p010,
1017 738 1106 802 qui
1149 736 1363 800 praemia
1399 735 1572 785 doctae

244 824 450 873 Frontis
487 822 774 885 apollineas
810 820 922 871 ausi
960 819 1059 870 sibi
1097 821 1303 868 nectere
1339 817 1517 867 lauros

245 905 436 968 Inclyta
471 903 738 966 perpetuis
775 900 1091 952 mandarunt
1128 900 1344 950 nomina
1379 898 1561 957 saeclis,

245 985 543 1049 Expediam
586 985 772 1034 Faveat
798 984 983 1046 pulcro
1021 997 1162 1032 nunc
1198 982 1350 1032 Musa
1386 980 1569 1039 labori,

246 1069 398 1117 Musa
435 1068 582 1131 quies
620 1066 897 1116 hominum
926 1064 1212 1127 divumque
1238 1065 1432 1113 aeterna
1455 1062 1715 1123 voluptas.
1776 1072 1839 1103 145

302 1149 541 1212 juppiter
568 1149 644 1213 (ut
671 1146 986 1210 perhibent),
1014 1144 1196 1209 liquidi
1224 1159 1316 1208 per
1337 1146 1386 1194 et
1408 1144 1562 1208 ignea
1589 1141 1770 1191 mundi

249 1228 467 1291 Templa
503 1242 596 1290 per
633 1229 683 1277 et
721 1226 879 1277 stellis
917 1224 1244 1275 radiantibus
1281 1224 1474 1273 aethera
1511 1222 1675 1271 fixum

248 1311 617 1373 Aurarumque
654 1309 856 1359 animas
892 1308 1005 1358 sola
1034 1309 1183 1357 terrae
1220 1309 1270 1356 et
1307 1305 1498 1355 caerula
1535 1304 1683 1367 ponti

250 1392 492 1450 DissituS,
530 1393 762 1440 errantes
797 1390 1010 1439 citharae
1045 1389 1157 1438 vice
1194 1389 1449 1450 temperat
1487 1385 1659 1443 orbeS‚

248 1472 322 1522 Ac
359 1471 600 1534 rapidum
640 1470 931 1534 imparibus
968 1484 1181 1519 cursum
1218 1470 1353 1517 rotat
1391 1466 1659 1525 intevalliS‚
1780 1476 1844 1508 150

250 1553 425 1612 Quem
464 1556 572 1603 rata
609 1567 730 1616 pars
766 1555 940 1602 tamen
979 1554 1029 1600 et
1066 1552 1266 1600 certum
1304 1548 1517 1598 confine
1555 1547 1776 1596 diremit.

254 1634 391 1683 Hinc
428 1636 611 1684 nostro
649 1633 818 1697 major
854 1634 1010 1695 captu
1048 1645 1212 1681 sonus
1248 1630 1364 1688 exit,
1401 1630 1581 1678 acutas

251 1714 621 1777 Compensans
656 1713 907 1778 gravibus
934 1715 1134 1775 septem
1162 1712 1213 1760 in
1252 1710 1552 1761 discrimina
1587 1721 1776 1764 voces;

253 1796 632 1859 Stellantesque
670 1795 865 1859 globos
902 1809 996 1844 sua
1034 1807 1261 1857 quaeque
1300 1792 1513 1842 innoxia
1541 1790 1687 1841 Siren

255 1877 510 1936 Possidet,
548 1876 817 1926 ambrosio
855 1876 1090 1925 mulcens
1128 1875 1213 1937 pia
1251 1874 1469 1923 numina
1506 1875 1678 1922 cantu.
1784 1882 1845 1913 155

254 1959 365 2008 Nec
402 1962 575 2008 tamen
613 1959 664 2007 in
692 1958 847 2007 nullis
884 1957 1162 2007 hominum
1200 1955 1478 2006 simulacra
1516 1953 1781 2017 refulgent

256 2040 538 2099 MentibuS,
578 2053 822 2089 arcanam
861 2038 978 2088 coeli
1017 2037 1260 2088 testantia
1286 2049 1492 2086 musam

256 2124 683 2187 Permixtumque
713 2122 913 2186 Jovem.
951 2121 1087 2170 Nam
1126 2135 1221 2170 ceu
1260 2119 1477 2169 tralucet
1514 2119 1691 2181 imago

259 2205 453 2256 Sideris
491 2206 541 2255 in
581 2205 872 2268 speculum,
910 2218 1006 2253 ceu
1044 2217 1178 2265 puro
1217 2201 1431 2251 condita
1466 2201 1601 2250 vitro

371 2359 412 2398 V.
444 2359 519 2397 139
548 2369 647 2408 sgg.
684 2357 898 2406 Proposto
919 2356 945 2395 il
968 2358 1186 2405 soggetto,
1209 2357 1311 2394 nota
1330 2354 1358 2393 il
1389 2353 1468 2393 Del
1499 2353 1666 2401 Lungo‚
1698 2349 1851 2390 traccia

260 2425 301 2463 in
332 2424 470 2473 questi
498 2423 609 2462 versi
628 2413 669 2462 13
697 2421 1004 2462 distribuzione
1034 2420 1115 2460 alla
1143 2420 1318 2459 materia
1346 2419 1390 2458 di
1410 2421 1518 2458 tutta
1545 2418 1586 2457 13
1613 2416 1752 2463 Selva,
1773 2415 1851 2455 che

262 2492 316 2529 ha
344 2490 427 2529 due
458 2490 593 2539 parti:
617 2488 814 2539 generale
841 2488 960 2527 l'una
979 2498 1001 2526 e
1031 2487 1173 2533 breve,
1204 2486 1281 2525 che
1301 2485 1513 2525 direbbesi
1543 2483 1727 2530 estetica,
1748 2493 1770 2521 e
1791 2481 1853 2521 di-

262 2558 404 2597 chiara
431 2556 637 2596 l'essenza
666 2567 688 2594 e
717 2555 754 2594 le
784 2554 893 2593 fonti
922 2553 1032 2592 della
1063 2553 1209 2602 poesia
1237 2553 1322 2602 (vv.
1356 2552 1569 2601 146-196);
1601 2548 1850 2599 particolare

262 2636 284 2662 e
312 2624 352 2663 13
372 2623 595 2672 maggiore
615 2622 682 2661 del
705 2623 935 2671 poemetto,
966 2619 1118 2666 l'altra‚
1149 2619 1226 2659 che
1253 2629 1333 2658 con
1364 2628 1542 2657 acconce
1571 2615 1771 2655 divisioni
1801 2614 1853 2654 ri-

263 2693 371 2729 tesse
401 2689 695 2728 storicamente
723 2687 764 2727 13
791 2686 954 2726 schiera
982 2685 1025 2724 di
1054 2685 1149 2723 tutti
1178 2684 1191 2723 i
1221 2684 1335 2733 poeti
1363 2684 1448 2733 (vv.
1482 2682 1681 2731 197-727),
1710 2679 1853 2719 finche

264 2756 290 2795 l'
310 2756 456 2795 ultima
484 2768 506 2794 e
537 2755 609 2805 pili
639 2755 768 2794 verde
796 2753 952 2793 fronda
981 2751 1164 2791 d’alloro
1193 2751 1349 2792 scenda
1376 2750 1442 2791 sul
1471 2761 1579 2799 capo
1608 2748 1756 2788 diletto
1785 2747 1851 2787 del

265 2825 478 2861 mecenate
506 2821 696 2861 mediceo
717 2822 802 2871 (vv.
834 2822 924 2867 728,
955 2818 1035 2858 alla
1063 2818 1182 2868 fine).

377 2888 420 2927 V.
451 2889 539 2926 146.
590 2887 794 2926 Armonia
826 2884 1063 2925 universale
1096 2883 1285 2923 secondo
1325 2883 1515 2929 Platone,
1557 2882 1758 2931 Pitagora
1800 2880 1852 2919 ed

266 2955 358 2994 altri
388 2953 551 2994 filosofi
581 2951 900 2992 dell'antichita.
