2002 3161
318 194 415 242 226

751 187 899 236 Paeti
935 186 1181 236 (minuisti
1215 183 1472 248 maggiori

450 317 576 375 Quo
598 315 711 364 telae
733 313 964 363 studium
994 312 1211 362 infelix?
1238 312 1363 370 Quo
1392 314 1575 373 pecten
1603 313 1651 360 et
1680 324 1798 359 orsa
1817 310 1841 359 P

451 398 502 448 Ο
541 397 709 454 dolor,
747 410 779 443 o
817 395 1058 443 lamenta.
1098 393 1289 443 Gemat
1317 391 1638 449 miserabilis,
1665 391 1813 450 eheu,
1863 401 1904 435 65

450 479 755 529 Consuetus
794 475 1023 524 dominae
1062 477 1246 533 turtur,
1285 475 1540 522 consueta
1577 472 1839 521 columba.

450 560 534 609 Illa
571 558 747 607 colum
787 555 1038 604 ducebat:
1080 554 1149 603 ibi
1187 555 1407 618 vestigia
1443 554 1638 603 circum

450 639 724 689 Ludebant
759 637 984 700 geminae
1022 635 1277 694 volucreS,
1318 634 1623 684 ludentibus
1661 635 1773 696 ipsa

448 722 507 770 Et
533 721 666 769 cicer
692 722 740 767 et
762 721 997 767 tenerum
1026 716 1307 781 spargebat
1333 715 1527 765 blanda
1553 716 1839 774 cuminum,

448 800 817 861 Mulcebatque
873 813 1048 847 manu.
1100 797 1293 847 Gemat
1346 812 1410 846 eu
1463 796 1785 855 miserabilis,

1633 878 1798 942 [eheu,
1862 890 1904 923 70

448 963 526 1011 De
547 961 691 1010 trabe
714 963 902 1010 moesta
924 975 1018 1009 sua
1041 959 1331 1023 nidumque
1352 960 1609 1023 relinquat
1630 959 1835 1008 iruudo,

446 1044 586 1092 Dum
624 1042 776 1091 telam
816 1040 1107 1105 stringebat
1143 1045 1192 1090 et
1229 1056 1345 1090 acre
1384 1041 1629 1090 sonantia
1666 1041 1768 1089 lina

447 1125 506 1173 Et
543 1126 697 1173 cantu
737 1123 930 1172 lenibat
968 1137 1119 1185 opuS,
1159 1126 1268 1171 tum
1308 1122 1497 1172 flebilis
1533 1122 1638 1171 ales

447 1204 699 1268 {ungebat
736 1205 904 1253 socias
942 1204 1220 1253 lacrimoso
1259 1204 1487 1253 carmine
1522 1218 1678 1252 voces

442 1285 801 1348 Miscebatque
841 1284 1047 1334 modos.
1089 1284 1281 1334 Gemat
1319 1286 1420 1333 lieu
1461 1284 1783 1343 miserabilis,

1632 1365 1800 1428 [eheu,
1863 1377 1900 1411 75

447 1449 563 1497 l-leu
601 1450 778 1511 gemat
816 1446 991 1495 infelix
1030 1446 1248 1511 LiguriS,
1287 1447 1369 1495 cui
1407 1450 1554 1509 grata
1592 1448 1787 1509 petenti

443 1528 813 1592 purgabatque
835 1542 1022 1577 nucem
1043 1530 1372 1590 contusaque
1400 1530 1575 1576 crusta
1596 1528 1833 1590 liquabat

442 1610 609 1659 Mellis
647 1608 917 1658 arundinei
956 1610 1176 1658 vitreum
1216 1612 1265 1657 et
1293 1608 1357 1658 de
1384 1608 1533 1658 fonte
1560 1609 1836 1672 liquorem.

506 1690 587 1739 Ad
613 1691 867 1753 gemitum
906 1692 1092 1739 coeant
1119 1690 1378 1739 lacrimosi
1417 1690 1650 1752 compita
1687 1691 1834 1750 ruriS,

443 1771 683 1821 Pastores
720 1770 1000 1828 Ariadnan,
1040 1770 1304 1820 Ariadnan
1343 1774 1579 1820 armenta
1615 1787 1836 1834 queran-

1684 1853 1799 1916 [tur,
1861 1866 1902 1896 80

442 1932 838 1995 Extinctamque
876 1931 1139 1981 Ariadnam
1180 1934 1359 1995 opacis
1398 1932 1622 1982 buccula
1661 1933 1799 1983 silvis

441 2012 577 2063 Cum
616 2014 814 2077 gemitu
843 2016 1071 2073 testetur,
1101 2018 1149 2063 et
1176 2017 1323 2063 antra
1350 2013 1631 2073 Ariadnan,
1659 2018 1707 2063 et
1735 2015 1829 2077 ipsi

441 2095 765 2157 Ingeminent
804 2098 1010 2143 montes
1035 2094 1317 2153 Ariadnam,
1347 2094 1614 2144 Ariadnam
1642 2098 1691 2145 et
1721 2110 1830 2144 um-

1707 2176 1829 2226 brae.

438 2255 680 2306 Claudite
719 2270 843 2305 oves
881 2256 1113 2314 stabuliS‚
1153 2256 1371 2306 stabulis
1398 2256 1641 2306 cohibete
1666 2178 1831 2320 c[apel-

628 2353 637 2359 ·
1741 2339 1752 2387 l

440 2418 705 2467 Formosae
743 2418 875 2467 ruris
913 2421 1047 2467 natae
1085 2419 1425 2481 innuptaeque
1463 2419 1676 2480 puellae;
1722 2339 1829 2402 με,
1859 2432 1898 2463 85

437 2498 576 2547 Dum
617 2501 806 2547 matres
832 2498 1095 2547 Ariadnan
1124 2500 1322 2559 iterant,
1350 2514 1445 2549 vos
1471 2500 1582 2548 avia
1609 2499 1820 2562 planctu

437 2580 714 2642 Implentes
752 2581 905 2643 legite
944 2581 1166 2629 intactos
1203 2584 1253 2630 et
1290 2582 1458 2644 iungit
1494 2581 1652 2631 flores

437 2660 496 2708 Et
532 2660 656 2709 solis
694 2661 890 2709 luctum
929 2664 977 2709 et
1015 2662 1159 2723 pueri
1200 2662 1513 2710 lacrimantis
1551 2676 1783 2711 amorem

435 2740 612 2789 Texite
650 2745 698 2790 et
736 2741 998 2791 abscissos
1035 2742 1250 2792 Veneris
1289 2742 1353 2791 de
1390 2743 1562 2791 fronte
1589 2743 1821 2804 capillos,

439 2819 579 2879 Post,
618 2821 733 2870 ubi:
775 2823 827 2871 lo
854 2821 1135 2881 Ariadnam,
1166 2824 1214 2872 io
1242 2823 1520 2882 Ariadnam
1548 2826 1596 2871 et
1624 2824 1794 2885 ipsum
1846 2837 1890 2867 00

438 2900 689 2961 Implestis
716 2903 943 2952 clamore
971 2917 1172 2963 nemus,
1202 2904 1341 2953 hunc
1368 2902 1541 2953 addite
1568 2903 1823 2952 honorem
