2002 3161
637 218 816 279 lacopo
851 216 1150 266 Sannazaro
1601 220 1690 267 185

107 343 189 393 Sic
226 343 309 393 illi.
346 343 411 392 At
448 343 662 392 miserae
700 342 920 392 discisso
958 344 1168 404 pectore
1206 341 1482 405 Nymphae

108 422 463 472 Frondiferam
502 423 715 472 moestis
751 422 930 472 silvam
970 421 1290 471 clamoribus
1316 421 1559 484 implent:
1653 434 1694 465 so

105 504 275 567 Atque
313 504 429 562 huc,
467 507 622 567 atque
659 503 777 552 illuc
814 503 1038 567 fugiunt.
1077 502 1199 551 Non
1227 516 1363 560 saxa,
1391 516 1561 565 neque

1497 582 1629 646 [altis

107 666 243 715 Tuta
281 668 466 728 putant
503 665 618 714 loca
655 668 802 714 senta
838 664 998 714 rubis.
1040 664 1176 713 l-linc
1213 663 1377 713 ardua
1414 663 1608 713 montis

107 746 373 809 Praerupti
409 746 551 810 juga,
589 745 814 795 diffusos
851 746 972 794 hinc
1011 748 1196 809 stagna
1232 759 1325 808 per
1360 759 1518 809 agros

104 827 384 877 Adtonitae
421 827 862 889 circumspiciunt.
899 826 995 876 Via
1032 826 1173 875 nulla
1210 826 1416 876 salutis:

106 909 164 957 Et
199 909 303 972 jam
342 922 462 970 spes
499 910 770 970 praerepta
806 907 982 972 fugae:
1023 910 1132 957 tum
1173 906 1403 971 denique
1429 906 1495 956 ad

1367 988 1556 1054 [undas
1653 1000 1696 1033 ss

106 1071 418 1122 Consistunt
454 1070 700 1133 trepidae,
740 1070 1012 1134 flavosque
1050 1085 1079 1119 a
1114 1071 1304 1119 vertice
1330 1070 1500 1120 crines

105 1152 242 1203 Cum
280 1152 518 1211 lacrimis,
556 1152 879 1216 gemituque,
916 1154 964 1200 et
1001 1150 1266 1200 flebilibus
1303 1151 1543 1200 lamentis

107 1232 451 1291 Abscindunt,
491 1232 822 1295 Samumque
858 1234 1065 1289 vocant,
1103 1230 1434 1295 liquidasque

1360 1312 1598 1376 [Sorores
1627 1330 1636 1360 ε

107 1395 355 1458 Dumque
391 1397 596 1452 vocant,
634 1392 803 1443 fundo
842 1396 1089 1456 properat
1126 1392 1320 1442 chorus
1357 1393 1531 1442 omnis
1569 1392 1634 1442 ab

1507 1473 1634 1537 [imo

106 1556 392 1606 Naiadum:
433 1559 678 1618 properat
714 1555 904 1604 vitreae
941 1569 1028 1603 rex
1054 1554 1293 1604 caerulus
1320 1554 1493 1603 undae
1652 1566 1700 1598 (ιο

107 1638 318 1697 SarnuS,
357 1637 831 1700 inexhaustumque
856 1635 1002 1686 vadis
1029 1636 1127 1685 ciet
1153 1650 1342 1700 agmen
1371 1650 1625 1699 aquarum

106 1720 279 1773 Rauca
305 1733 517 1769 sonans.
558 1717 658 1768 Sed
687 1717 814 1781 quid
842 1716 1117 1776 Sarnusve‚
1145 1720 1234 1766 aut
1261 1717 1344 1766 illa
1365 1720 1637 1767 natantum

107 1800 330 1865 Agmina
366 1799 629 1849 Naiadum
669 1799 888 1861 possint,
928 1798 1016 1847 ubi
1055 1798 1220 1847 ferrea
1257 1801 1440 1848 contra

107 1882 253 1933 Stant
289 1882 408 1940 fata,
446 1885 496 1930 et
533 1880 666 1929 duro
704 1880 846 1943 leges
883 1878 1160 1929 adamante
1197 1879 1507 1944 rigescunt?

107 1965 243 2028 Ergo
281 1963 514 2013 defectae
550 1976 689 2020 cura,
728 1961 1026 2024 auxilioque
1065 1961 1319 2020 Deorum,
1659 1972 1700 2005 ⁹5

105 2045 179 2094 Ac
216 2045 416 2094 caelum
455 2043 644 2106 pariter
680 2042 974 2105 Nymphae,
1013 2042 1292 2106 lucemque
1330 2056 1565 2104 perosae,

107 2127 285 2177 Unum
323 2125 464 2184 illud,
502 2124 659 2174 rebus
696 2123 906 2173 tandem
948 2123 1094 2187 quod
1133 2126 1290 2173 restat
1328 2124 1377 2172 in
1417 2124 1587 2181 arctiS,

109 2207 284 2256 Finem
324 2209 522 2269 optant.
554 2206 774 2269 Jamque
812 2206 862 2254 in
902 2204 1121 2253 fluvium
1161 2219 1215 2254 se
1254 2219 1489 2268 mergere

1384 2284 1636 2348 [adortae,

109 2368 345 2417 Membra
381 2367 718 2425 reclinabant,
756 2370 804 2415 et
842 2381 1006 2429 aquas
1033 2380 1205 2429 prono
1232 2379 1323 2414 ore
1360 2365 1638 2427 petebant:

108 2450 288 2508 Quum
327 2449 503 2499 subito
530 2448 810 2511 obriguere
837 2447 1025 2509 pedes:
1053 2447 1259 2509 lateque
1286 2459 1377 2508 per
1404 2447 1538 2495 imos
1643 2458 1731 2506 100=

109 2531 401 2593 Exspatiata
439 2544 644 2594 ungues
681 2528 840 2586 radiX,
879 2528 1131 2592 fugientia
1169 2526 1351 2585 tardat,

109 2611 410 2675 Adfigitque
447 2612 561 2660 solo
598 2610 827 2673 vestigia.
868 2611 1003 2658 Tum
1044 2623 1209 2672 vagus
1247 2608 1373 2671 ipsis

111 2693 330 2756 Spiritus
362 2693 613 2743 emoritur
649 2692 820 2741 venis:
860 2691 1182 2754 indignaque
1221 2689 1391 2753 pallor

107 2774 349 2838 Occupat
386 2788 508 2823 ora:
550 2774 673 2837 tegit
711 2771 1022 2835 trepidantia
1062 2775 1274 2833 pectora
1312 2774 1504 2821 cortex.

109 2854 218 2904 Nec
256 2870 427 2904 mora:
467 2869 562 2917 pro
601 2853 775 2917 digitis
812 2867 987 2902 ramos
1024 2853 1161 2902 exire
1198 2851 1418 2909 videreS‚
1643 2862 1705 2893 ¹0⁵

109 2935 432 2998 Auratasque
471 2949 649 2984 comas
686 2935 872 2997 glauca
910 2947 1185 2982 canescere
1214 2932 1431 2982 fronde:
