2002 3161
645 217 844 280 Angelo
879 216 1151 266 Poliziatzo
1627 223 1690 272 67

103 340 408 406 Exsequar?
443 341 584 391 haud
622 342 688 391 illi
728 342 882 405 plena
918 357 972 392 se
1009 342 1245 392 conferat
1272 357 1402 392 urna

105 423 333 473 Hermus
369 425 418 472 et
455 425 634 472 aurata
671 422 881 473 radians
908 423 1152 474 Pactolus
1188 438 1345 473 arena

104 504 163 552 Et
202 505 379 567 Tagus
404 506 452 553 et
478 503 691 563 Durius,
718 504 927 554 latebris
954 504 1207 568 quodque
1234 505 1366 554 eruit
1392 505 1564 555 audax
1623 520 1688 552 470

103 584 357 645 Dalmata,
395 585 648 649 quodque
685 586 868 648 procul
898 586 1088 636 Bessus
1125 587 1341 635 rimatur
1366 589 1415 636 et
1452 586 1625 647 Astur,

104 666 271 716 Fusile
308 666 516 716 callaica
552 666 806 730 quodque
844 668 894 716 in
921 667 1134 717 fornace
1173 668 1426 731 liquescit,

102 746 331 797 Decolor
368 748 417 797 in
456 751 569 798 toto
607 748 860 813 quodque
899 750 1092 799 invenit
1132 750 1291 800 lndus
1331 751 1599 815 Hydaspe,

102 827 384 892 Quemque
410 829 628 883 Rhodos
654 830 808 881 fulvis
834 831 1005 881 hausit
1032 831 1097 881 de
1124 831 1358 882 nubibus
1386 833 1622 894 imbrem,

102 907 372 973 Quodque
409 925 567 960 manu
605 911 703 961 dea
739 926 877 961 caeca
913 915 1053 961 tenet
1090 912 1359 976 praedivite
1385 929 1567 964 cornu.
1628 927 1692 959 475

102 988 277 1052 thue
314 1004 503 1052 parens
540 1005 713 1041 rerum
750 992 924 1043 fontes
960 996 1010 1042 et
1046 993 1266 1043 flumina
1303 1009 1510 1058 magnae

100 1069 344 1134 Suggerit
381 1071 630 1123 Oceanus
667 1076 831 1134 terrae,
871 1075 944 1124 sic
981 1076 1153 1125 omnis
1180 1075 1245 1124 ab
1285 1076 1394 1126 istis

99 1151 269 1202 Docta
306 1168 398 1215 per
435 1169 526 1204 ora
561 1156 730 1205 virum
768 1156 995 1206 decurrit
1031 1158 1198 1221 gratia
1235 1158 1458 1215 chartis;

100 1233 238 1283 Hinc
274 1234 391 1284 fusa
429 1236 717 1287 innumeris
753 1237 873 1287 felix
910 1238 1180 1301 opulentia
1217 1240 1385 1290 saeclis

99 1314 292 1365 Ditavit
318 1320 534 1377 mentes,
572 1319 837 1382 tacitoque
863 1319 1097 1370 infloruit
1133 1336 1274 1379 aevo;
1628 1334 1693 1367 480

98 1394 294 1446 Omnia
331 1396 397 1446 ab
436 1398 516 1448 his
552 1402 602 1449 et
639 1400 690 1449 in
718 1400 798 1450 his
835 1403 957 1450 sunt
994 1402 1187 1461 omnia,
1226 1403 1332 1452 sive
1365 1403 1499 1453 beati

100 1478 174 1527 Te
211 1477 372 1528 decor
407 1480 600 1544 eloquii
640 1495 732 1531 seu
770 1496 942 1532 rerum
981 1483 1219 1545 pondera
1256 1487 1496 1548 tangunt.

98 1555 234 1605 Nam
271 1572 390 1620 quae
426 1560 531 1607 tam
566 1560 767 1609 varium
806 1561 1107 1623 Memphitis
1135 1565 1335 1611 stamen
1374 1562 1580 1612 arundo

98 1636 327 1700 Separat,
366 1642 455 1690 aut
490 1656 610 1704 quae
648 1642 720 1691 sic
759 1641 1061 1706 Babylonos
1098 1646 1235 1693 texta
1272 1646 1502 1706 potentis

98 1719 306 1771 Solicita
343 1723 634 1787 pinguntur
670 1738 783 1782 acu,
821 1739 940 1787 quae
979 1727 1120 1774 tanta
1157 1726 1397 1775 colorum
1621 1738 1686 1771 485

99 1799 282 1851 Gloria
319 1817 439 1853 cum
477 1804 652 1866 pinnis
688 1805 899 1869 zephyri
937 1806 1239 1857 rorantibus
1265 1808 1486 1866 adsunt;

98 1880 345 1938 Quantus
382 1884 555 1934 honor
589 1899 797 1944 vocum,
825 1901 983 1950 quam
1012 1887 1187 1937 multis
1214 1887 1358 1938 dives
1385 1888 1621 1939 abundat

99 1962 353 2024 FloribuS,
391 1968 441 2014 et
477 1966 627 2016 claris
664 1968 897 2030 augescit
934 1967 1114 2032 lingua
1150 1968 1374 2032 figuris?

98 2216 263 2256 scienza
291 2217 462 2267 politica
490 2229 513 2257 e
541 2218 747 2267 militare3
779 2219 860 2259 alla
887 2219 1048 2260 musica
1074 2231 1097 2259 e
1125 2220 1383 2268 aritmetica;
1415 2220 1496 2259 alla
1530 2220 1691 2260 divina-

97 2282 220 2321 zione
248 2294 271 2322 e
299 2283 379 2322 alla
408 2284 644 2332 medicina;
674 2285 755 2324 alla
786 2286 932 2334 poesia
959 2286 1135 2335 tragica,
1166 2287 1342 2333 comica,
1366 2297 1580 2334 amorosa,
1602 2286 1690 2336 epi-

98 2351 399 2399 grammatica;
431 2351 509 2390 alle
539 2352 616 2390 arti
645 2352 712 2390 del
742 2352 925 2402 disegno
954 2352 1201 2402 ispirazioni
1230 2354 1273 2392 in
1303 2352 1493 2392 Omero:
1533 2352 1688 2392 chiude

97 2416 135 2455 le
163 2416 251 2455 lodi
280 2417 347 2456 del
385 2417 531 2457 divino
565 2421 691 2468 poeta
727 2419 793 2458 col
831 2422 1030 2458 racconto
1059 2419 1175 2469 degli
1212 2419 1335 2458 onori
1375 2419 1455 2458 resi
1495 2418 1576 2458 alla
1612 2430 1690 2458 sua

99 2483 317 2530 memoria,
347 2485 539 2523 notando
568 2495 688 2524 come
723 2484 839 2524 fosse
877 2488 1059 2534 oggetto
1087 2485 1130 2524 di
1171 2485 1285 2524 culto
1323 2485 1506 2534 speciale
1537 2496 1687 2535 presso

98 2548 156 2598 gl’
176 2548 354 2594 Indiani,
386 2549 463 2588 che
491 2553 726 2589 cantavano
754 2550 881 2589 isuoi
903 2551 1044 2599 poemi
1065 2550 1238 2590 tradotti
1259 2550 1369 2590 nella
1389 2551 1485 2590 loro
1513 2551 1685 2601 lingua,

98 2627 120 2654 e
146 2615 404 2656 Alessandro
433 2617 613 2666 Magno,
643 2617 669 2656 il
699 2617 840 2667 quale,
870 2617 893 2656 e
922 2621 1041 2664 noto,
1071 2629 1124 2656 ne
1153 2617 1375 2657 custodiva
1411 2618 1450 2658 le
1481 2630 1613 2668 opere
1643 2618 1686 2657 in

100 2681 280 2730 preziosi
308 2682 465 2729 cofani,
494 2683 824 2723 consultandolo
852 2683 960 2723 nelle
988 2695 1064 2724 sue
1099 2684 1353 2733 spedizioni,
1393 2696 1415 2724 e
1444 2684 1682 2724 tenendolo

99 2750 213 2787 sotto
244 2748 271 2787 il
300 2749 536 2798 capezzale.

207 2813 251 2854 V.
279 2816 378 2854 474.
396 2815 506 2858 Rodi
526 2815 689 2855 celebre
710 2827 785 2865 per
802 2815 842 2856 la
861 2816 1046 2856 bellezza
1061 2827 1083 2856 e
1103 2816 1302 2856 dolcezza
1322 2817 1388 2856 del
1411 2816 1534 2857 clima
1553 2828 1576 2856 e
1606 2827 1681 2866 per

97 2875 138 2916 la
165 2876 338 2919 feracita
365 2879 432 2919 del
461 2880 600 2928 su010,
631 2880 708 2920 che
735 2881 775 2920 la
804 2880 945 2921 favola
972 2881 1011 2920 le
1030 2881 1287 2929 attribuisce,
1320 2893 1395 2931 per
1415 2893 1555 2923 essere
1577 2883 1684 2922 stata

98 2943 273 2993 irrigata
301 2945 357 2987 da
382 2958 468 2988 una
497 2947 676 2997 pioggia
705 2947 845 2988 d’or0.
