2002 3161
279 131 377 180 314
716 130 869 180 Poeti
901 132 1151 182 amanisti
1184 132 1445 196 maggiori

281 256 487 305 Ducere
523 269 665 315 oveS,
703 257 1032 321 miserosque
1069 273 1194 307 cava
1230 257 1494 308 testudine
1531 274 1738 310 amores

279 336 565 396 Solantem,
602 340 759 400 teque
794 341 845 387 et
881 339 1144 401 Daphnen
1181 354 1275 402 per
1311 342 1459 402 prata
1493 345 1788 401 vocantem,

277 416 463 466 Visure
499 419 550 466 et
585 418 763 480 patriis
800 421 975 468 natam
1013 419 1352 469 frondescere
1389 421 1515 483 ripis
1807 437 1868 469 175

277 496 713 561 Tendentemque
750 514 938 549 manus
974 502 1025 549 et
1061 500 1283 550 flumina
1318 504 1445 550 nota
1482 506 1801 564 precantem,

277 578 521 630 Candida
557 580 685 629 dum
723 580 929 630 subitus
965 582 1127 644 serpit
1163 597 1256 644 per
1293 585 1510 645 pectora
1546 587 1726 635 cortex

276 660 377 725 (Ah
416 661 681 724 miseram)
719 665 769 710 et
802 662 1021 712 viridem
1060 663 1262 713 ducunt
1299 664 1428 714 dum
1466 666 1704 716 membra
1739 669 1800 716 ri-

340 743 536 791 lnterea
572 742 731 792 colles
767 742 972 802 florere,
1008 744 1261 794 virescere
1295 744 1454 794 valles
1581 747 1800 812 [gorem.

274 824 548 886 Incipiunt,
585 824 685 873 late
721 828 771 874 et
806 824 944 875 foliis
981 825 1285 875 mollescere
1321 840 1456 876 rura.
1808 842 1870 874 iso

272 905 375 954 Ver
411 905 565 963 halat,
603 906 857 969 Zephyris
894 906 1125 956 mulcent
1161 907 1484 970 spirantibus
1521 923 1679 969 aurae,

272 984 446 1035 Cloris
481 984 707 1035 odorato
745 986 960 1036 devecta
997 1002 1089 1049 per
1124 1003 1244 1037 aera
1279 1003 1435 1038 curru

274 1066 465 1115 Laetata
502 1069 552 1115 et
586 1067 753 1116 varias
790 1083 1068 1117 nemorum
1107 1069 1490 1119 increbrescere
1516 1069 1735 1120 frondes

271 1145 480 1210 Spargit
515 1146 661 1195 humi
697 1148 885 1207 varios,
923 1148 1085 1198 fertur
1121 1164 1475 1212 quacumque,
1513 1150 1736 1207 colores,

272 1225 500 1290 Quaque
527 1230 704 1277 movet
728 1243 942 1291 gressus
969 1231 1195 1292 surgunt
1219 1230 1480 1293 violaeque
1499 1245 1744 1294 rosaeque
1805 1244 1866 1275 185

270 1307 564 1372 Coritiique
602 1310 741 1358 croci
780 1312 937 1373 atque
975 1311 1296 1360 immortales
1333 1311 1642 1371 amaranthi‚

271 1387 513 1438 Candida
550 1404 647 1438 nec
684 1390 846 1439 niveis
884 1405 1095 1440 cessura
1132 1391 1351 1454 ligustra
1388 1392 1606 1453 pruinis.

271 1470 400 1532 lpsae
435 1471 590 1520 etiam
628 1470 868 1521 Charites
905 1472 1052 1521 socio
1091 1472 1246 1521 simul
1284 1473 1495 1536 agmine
1531 1473 1765 1522 fundunt

269 1550 520 1600 Certatim
560 1551 643 1601 illa
680 1552 919 1616 thymum
956 1568 1239 1617 roremque
1275 1556 1325 1603 et
1352 1554 1510 1603 molle
1548 1569 1798 1618 cyperon,

270 1633 399 1682 Haec
436 1634 601 1683 casias
636 1634 917 1697 caltasque,
955 1635 1067 1684 haec
1103 1638 1153 1684 et
1189 1635 1389 1684 vacinia
1427 1636 1575 1699 nigra
1804 1649 1865 1681 190

268 1714 497 1764 Narcissi
535 1718 585 1764 et
620 1715 858 1765 lacrimas
897 1716 1177 1780 l-lyacinthi
1214 1719 1265 1765 et
1301 1716 1480 1766 nobile
1516 1731 1733 1780 gramen

269 1795 330 1844 Et
365 1795 664 1858 thymbram
691 1799 741 1845 et
766 1800 898 1860 quot
924 1812 1065 1846 nunc
1091 1797 1243 1846 tellus
1268 1797 1368 1847 fert
1393 1797 1597 1847 daedala
1620 1797 1795 1848 flores

268 1876 565 1938 lpse'Deus
602 1878 722 1926 laeto
759 1881 960 1940 spectat
996 1893 1091 1927 sua
1127 1892 1347 1928 munera
1382 1879 1545 1928 vultu.

335 1957 471 2005 Tum
511 1958 667 2007 maris
704 1958 967 2008 horrisoni
1006 1959 1201 2008 fluctus
1238 1960 1636 2023 linquentiaque
1672 1974 1794 2009 arva

267 2037 540 2101 Neptunni
580 2054 744 2102 pecus
780 2043 830 2090 et
867 2055 1157 2104 squamoso
1194 2055 1418 2103 corpore
1455 2041 1627 2103 pisces
1798 2053 1861 2086 195

271 2119 534 2169 lnsiliunt:
573 2121 654 2170 alii
693 2121 945 2183 scopulos
981 2124 1032 2171 et
1068 2122 1219 2170 litora
1256 2121 1449 2183 passim

266 2197 443 2249 Curva
478 2203 679 2263 petunt,
717 2202 801 2251 alii
838 2202 1165 2265 pelagusque
1201 2205 1358 2265 atque
1397 2202 1499 2251 ima
1524 2201 1792 2264 profundi,

271 2280 374 2330 Aut
409 2277 647 2331 tendunt'
669 2283 884 2346 scythici
924 2284 1166 2333 maeotica
1203 2282 1269 2332 ad
1306 2283 1478 2332 hostia
1515 2282 1681 2345 ponti,

269 2358 493 2408 infidum
531 2375 703 2424 genus
741 2362 791 2410 in
827 2361 1069 2411 fraudem
1107 2361 1451 2424 praedamque
1489 2363 1747 2423 paratum.

266 2438 509 2489 Errantes
547 2441 742 2502 passim
781 2444 830 2490 et
867 2442 1013 2491 nullo
1050 2441 1273 2491 custode
1308 2444 1560 2504 vagantes
1793 2451 1860 2484 2⁰0

265 2518 544 2571 Coeruleus
579 2523 738 2586 longe
774 2523 977 2572 Nereus
1012 2522 1167 2582 videt,
1205 2522 1427 2572 advocat
1463 2521 1667 2571 hudum

267 2598 470 2660 Protea,
508 2603 597 2665 qui
635 2604 805 2652 socias
842 2603 992 2663 acies,
1032 2604 1175 2653 socia
1211 2603 1423 2666 agmina
1458 2602 1657 2665 iungat,

267 2679 328 2727 Et
362 2682 539 2731 statuit
575 2686 859 2745 pastorem.
899 2684 968 2734 llli
1007 2683 1129 2734 data
1164 2684 1317 2747 signa
1353 2684 1664 2746 sequuntur,

268 2760 381 2822 Ipse
418 2762 524 2824 agit
560 2768 791 2815 errantes
827 2765 893 2815 ad
930 2765 1126 2829 pabula
1161 2767 1213 2814 et
1249 2764 1360 2826 ipse
1395 2762 1598 2812 reducit

267 2840 390 2890 Inde
411 2841 630 2892 domum
647 2859 658 2902 ;
678 2846 875 2895 clarum
891 2861 919 2896 e
933 2846 1147 2909 specula
1165 2844 1254 2894 dat
1273 2843 1496 2893 buccina
1515 2843 1743 2907 signum.
1790 2853 1855 2888 20⁵
