2002 3161
614 152 875 203 Oiovanm'
909 154 1146 203 Potztano
1572 156 1661 204 321

83 283 230 332 Falce
268 282 466 344 Lyram,
504 280 610 328 sive
647 293 769 328 ense
808 281 981 328 minax
1018 280 1330 342 percusserit
1366 283 1578 338 astrum,

80 360 301 412 Occidet
338 360 515 409 infami
554 361 673 419 leto,
711 374 769 409 ac
808 361 1051 422 praetoria
1088 362 1228 409 iussa

81 443 369 506 Expectans
406 446 683 505 tortusque
721 442 810 490 diu
850 445 1151 505 tractusque
1189 442 1384 490 catenis
1628 454 1671 485 20

79 525 217 575 Cum
255 525 452 588 gemitu
490 525 646 573 vitam
686 524 938 583 effundet,
977 524 1154 574 forave
1193 525 1305 587 ipsa
1343 537 1527 572 cruore

81 606 321 655 Fcedabit
357 606 506 664 lacer,
545 609 633 654 aut
670 606 896 654 animam
936 606 1313 669 crepitantibus
1350 606 1488 654 auris

80 687 387 751 Nigrantem
426 687 574 736 furno
613 690 769 750 atque
808 688 1104 736 ambustam
1145 686 1377 736 torribus
1415 686 1537 735 atris

81 768 304 818 Efflabit.
344 769 718 817 Flammantem
758 769 894 817 illam
933 769 1218 832 fumosque
1259 771 1559 818 vomentem

80 850 306 899 Portitor
342 850 606 898 horrescet
644 851 791 912 picea
828 849 1104 899 traducere
1143 849 1346 913 cymba.
1625 860 1668 891 25

81 931 332 980 Paulatim
371 934 448 980 ast
486 931 568 979 illa
606 931 655 979 in
696 932 921 993 scopulo
961 931 1179 981 tabescit
1217 931 1371 989 inani,

79 1012 250 1076 Atque
287 1012 394 1061 abit
431 1013 481 1061 in
519 1015 729 1062 tenuem
768 1014 1011 1071 cinerem,
1050 1014 1380 1075 extinctaque
1405 1011 1602 1069 favilla;

78 1093 162 1143 Nil
199 1095 474 1157 reliquum,
502 1108 608 1142 non
636 1094 807 1143 forma
835 1094 1065 1157 quidem,
1093 1109 1200 1143 non
1228 1094 1466 1156 corporis
1492 1108 1602 1142 um—

1478 1174 1604 1238 [bra.

79 1257 306 1306 Tantum
344 1255 526 1305 declivi
565 1270 800 1318 praeceps
838 1257 965 1319 Lyra
1002 1257 1147 1305 saevit
1183 1256 1248 1304 ab
1289 1255 1434 1304 orbe.

144 1337 266 1396 Qua
302 1336 573 1400 quondam
610 1336 885 1386 custodem
927 1337 1094 1395 Erebi,
1134 1352 1193 1386 ac
1219 1337 1479 1400 nigrantia
1519 1336 1605 1384 Di-

78 1418 219 1467 Atria
255 1417 518 1467 crudelem
556 1421 605 1467 et
643 1419 812 1480 potuit
849 1418 1052 1481 placare
1091 1421 1368 1481 tyrannum
1489 1418 1570 1480 [tis
1628 1430 1671 1461 30

0 1506 1 1526 ³
80 1500 350 1549 Threicius
386 1503 545 1558 vates,
582 1496 905 1562 superasque
942 1503 1196 1549 revertere
1234 1499 1299 1548 ad
1337 1513 1489 1548 auras

81 1581 325 1645 Coniuge
362 1596 481 1630 cum
520 1596 652 1639 cara,
689 1585 738 1630 et
777 1582 970 1630 Lethen
1009 1596 1238 1630 remeare
1277 1580 1534 1629 canendo.

82 1663 227 1711 Illum
265 1665 314 1711 et
350 1663 616 1725 nigrantes
655 1677 834 1711 manes
871 1661 1148 1725 turbaeque
1186 1661 1447 1719 silentum,

81 1744 226 1793 lllum
264 1744 417 1792 etiam
455 1745 747 1806 heroesque
786 1743 934 1792 Erebi
972 1746 1021 1792 et
1048 1744 1227 1806 regina
1253 1741 1503 1805 profundi
1628 1754 1670 1785 35

79 1825 298 1874 Attoniti
334 1828 661 1874 venerantur.
702 1825 830 1873 Eum
870 1825 1213 1887 stymphalica
1251 1826 1504 1881 monstra,

80 1907 140 1955 Et
178 1907 354 1955 Lernae
392 1921 593 1965 manuS‚
630 1910 679 1955 et
715 1907 1172 1970 centumgeminus
1210 1905 1501 1967 OphialteS‚

81 1989 456 2051 lnversansque
493 1991 660 2037 rotam
699 1989 857 2046 lxion,
897 1988 1202 2051 Tityusque‚
1242 1986 1516 2049 Gigesque

81 2069 367 2128 Sectantur,
405 2070 687 2132 positoque
723 2073 904 2119 assunt
941 2069 1006 2118 ad
1044 2069 1238 2131 plectra
1275 2068 1518 2116 tumultu.

82 2151 219 2200 Felix
255 2155 393 2200 sorte
431 2166 539 2200 sua.
579 2150 679 2200 Sed
717 2165 879 2209 amor,
919 2149 1009 2200 sed
1049 2150 1291 2212 coniugis
1329 2147 1486 2197 ardor
1627 2159 1670 2191 40

83 2233 416 2282 Frustrantur
451 2236 634 2282 cantus
672 2236 720 2281 et
757 2235 878 2281 vota
916 2232 1199 2280 novissima
1235 2231 1379 2279 vatis,

83 2313 147 2362 At
183 2317 464 2377 postquam
503 2314 639 2362 stetit
677 2313 742 2362 ad
781 2313 929 2375 patrii
967 2311 1101 2360 vada
1138 2311 1369 2360 fluminis
1408 2323 1602 2366 amens,

82 2394 156 2443 Ac
192 2394 403 2443 tandem
443 2393 596 2442 dolor
633 2393 902 2456 indignata
940 2392 1140 2441 silentia
1182 2391 1336 2453 rupit,

85 2475 256 2524 Prima
294 2476 360 2524 illi
396 2490 528 2524 vox:
572 2495 592 2518 «
617 2474 884 2537 Eurydice,
924 2487 1144 2536 meaque
1170 2472 1368 2534 optima
1395 2471 1602 2527 coniuX,

85 2555 338 2618 Eurydice
377 2555 564 2604 infelix.
604 2554 748 2612 Quid
785 2555 923 2603 enim
960 2554 1065 2602 fata
1114 2567 1296 2614 aspera
1334 2551 1468 2600 adivi
1629 2564 1670 2594 45

84 2635 321 2694 Nescius,
359 2637 746 2698 immanemque
784 2649 966 2683 canem
1006 2648 1097 2695 per
1134 2633 1363 2681 carmina
1402 2632 1497 2680 vici

85 2716 409 2779 ImprudenS,
447 2718 535 2780 qui
574 2731 680 2765 non
719 2715 875 2764 animi
913 2728 1128 2777 quoque
1166 2714 1304 2762 iussa
1340 2713 1558 2762 furentis

85 2795 316 2846 Pervici‘?
353 2797 524 2846 Meme
561 2796 714 2855 terrO,
753 2809 835 2843 me
873 2794 1147 2852 absumite,
1192 2796 1382 2842 matres

86 2878 354 2927 Threiciae.
391 2877 664 2935 Quantum
704 2877 805 2925 heu
842 2876 1025 2934 fuerat,
1063 2874 1188 2924 dum
1216 2874 1393 2923 limina
1419 2872 1601 2922 mundi

174 3035 228 3066 21.
255 3051 297 3057 κ-
325 3031 492 3066 Classici
516 3031 690 3073 ltaliani,
717 3031 763 3064 N.
789 3033 825 3067 2.
