2002 3161
634 202 834 267 Angelo
872 203 1144 252 Poliziatzo
1624 205 1688 254 69

96 330 468 393 Contemplere
506 328 698 378 domos
735 331 891 391 atque
929 327 1254 378 obluctantia
1293 328 1421 377 caelo

98 412 322 476 Sydera:
360 425 478 475 quae
515 425 766 474 magnum
792 410 868 459 vis
904 412 1046 459 tanta
1084 410 1400 473 Hyperionis
1439 409 1619 458 orbem

98 493 378 556 Torqueat,
415 491 717 540 exhaustam
753 493 956 552 reparet
993 505 1100 553 quo
1137 489 1282 538 fonte
1320 504 1571 548 sororem,

96 574 290 623 Ausam
327 573 564 622 fraternis
601 571 825 621 mediam
863 586 918 621 se
955 586 1227 634 opponere
1264 571 1489 620 flammis

97 656 156 704 Et
192 655 376 705 subitis
410 654 602 703 violare
641 653 778 702 diem
816 653 1093 716 lucemque
1120 652 1375 709 tenebris;
1623 665 1685 696 525

95 737 323 787 Conscia
357 737 584 785 fatorum
623 750 743 784 cum
784 750 932 784 mens
959 735 1261 784 animaverit
1300 737 1464 791 astra;

96 818 250 869 Unde
287 821 471 868 tremat
508 818 673 876 telluS,
711 817 950 866 trifidane
990 817 1215 879 impulsa
1252 816 1453 865 laboret

95 899 330 962 Cuspide
367 899 617 962 Neptuni,
656 899 807 947 caecis
844 913 909 947 an
948 901 1093 962 terga
1131 898 1364 947 cavernis

95 980 297 1031 Subdat
322 984 469 1030 atrox
507 980 700 1029 Boreas
737 982 977 1029 nostrum
1015 983 1296 1042 erupturus
1323 980 1372 1028 in
1413 979 1621 1029 orbem:

92 1064 382 1113 Ventorum
421 1077 561 1112 nunc
588 1063 669 1111 ille
704 1063 842 1111 vices
880 1077 1021 1110 nunc
1058 1061 1290 1111 fulminis
1316 1064 1462 1112 ortus
1621 1075 1685 1107 530

93 1146 351 1194 Monstrat
387 1146 436 1194 et
473 1144 608 1193 elisis
635 1144 950 1206 crepitantes
977 1143 1209 1193 nubibus
1236 1158 1417 1201 auras;

93 1223 309 1287 Curque
345 1225 503 1272 ruunt
540 1222 749 1281 imbreS‚
786 1222 992 1272 subitus
1029 1235 1121 1270 cur
1145 1221 1342 1270 lumina
1378 1222 1553 1286 fulgor

94 1306 175 1357 Sic
210 1306 326 1356 ferit
362 1308 419 1354 ut
455 1304 687 1354 medium
725 1303 907 1354 credas
945 1302 1237 1353 discindere
1274 1303 1493 1352 ccelum:

92 1388 215 1438 Esse
241 1386 415 1445 deum,
436 1388 663 1436 mentem
683 1385 1008 1444 immensam,
1030 1399 1310 1448 rerumque
1331 1387 1616 1447 potentem,

92 1469 403 1533 Cunctaque
429 1469 778 1530 complexum,
818 1467 985 1517 stabili
1025 1467 1113 1530 qui
1152 1466 1266 1530 lege
1303 1467 1562 1530 gubernet
1620 1479 1683 1511 535

91 1551 344 1601 Naturam
382 1549 673 1613 mundique
709 1550 862 1607 vices,
902 1549 990 1612 qui
1027 1548 1132 1597 fata
1169 1548 1353 1598 solutis

92 1632 352 1696 Subjuget
388 1631 627 1690 arbitriis,
665 1631 753 1694 qui
791 1633 1045 1692 temperet
1081 1630 1259 1678 omnia
1295 1629 1466 1686 solus;

93 1714 216 1764 Esse
252 1714 456 1762 animos
492 1713 576 1761 leti
614 1714 846 1761 exsortes
883 1710 974 1761 sed
1013 1725 1238 1773 corpore
1262 1709 1435 1759 claudi

92 1795 205 1846 Ceu
243 1794 464 1852 tumu10‚
502 1807 638 1856 quos
675 1793 725 1841 in
762 1793 929 1842 varias
966 1795 1139 1841 tamen
1179 1792 1249 1840 ire
1287 1791 1485 1855 figuras

93 1878 211 1926 Hoc
249 1875 475 1924 dictante
512 1875 667 1924 docet
703 1874 870 1923 tacitae
908 1873 1014 1922 dux
1050 1873 1131 1922 ille
1169 1873 1416 1931 cohortis,
1621 1886 1684 1917 540

92 1958 225 2007 Ante
252 1960 398 2006 ortus
423 1971 626 2005 memor
651 1970 821 2020 usque
847 1956 925 2005 sui
952 1954 1158 2018 sibique
1183 1955 1293 2017 ipse
1320 1957 1583 2017 superstes
1607 1973 1615 2002 :

92 2038 236 2097 Quin
273 2041 322 2088 et
358 2037 607 2101 praecelsa
642 2037 897 2086 rationem
936 2036 1068 2086 sistit
1104 2037 1154 2085 in
1193 2050 1308 2085 arce

92 2119 204 2170 Ceu
242 2119 528 2178 dominam,
566 2119 735 2168 tristes
772 2119 822 2167 in
861 2120 1073 2180 pectore
1110 2117 1335 2166 concitat
1364 2117 1475 2176 iras,

90 2202 301 2251 Viscera
338 2200 583 2264 degeneri
621 2200 867 2249 damnata
904 2198 1150 2262 cupidine
1188 2213 1400 2261 passus3

91 2283 202 2332 Nec
228 2285 362 2332 tacet
387 2281 527 2331 unde
553 2296 693 2345 aeger
718 2281 912 2330 cruciat
949 2280 1118 2339 dolor,
1145 2279 1286 2329 unde
1313 2279 1556 2328 rebellem
1619 2291 1682 2321 545

93 2364 131 2413 lt
167 2364 314 2413 furor
352 2364 403 2412 in
428 2363 643 2422 rabiem,
681 2377 774 2412 cur
810 2362 1003 2425 pallent
1039 2376 1130 2410 ora
1167 2361 1441 2410 timentum

93 2444 284 2495 Genua
304 2447 533 2494 tremunt
553 2447 691 2494 stant
711 2443 872 2493 corda
892 2443 1012 2506 gelu
1042 2445 1178 2491 stant
1203 2442 1392 2490 vertice
1419 2442 1613 2491 crines:

92 2526 229 2585 Quae
265 2527 455 2576 summi
493 2526 556 2576 sit
592 2528 729 2575 meta
766 2524 909 2583 boni,
935 2539 1118 2588 quaeve
1157 2523 1326 2572 orbita
1351 2526 1548 2572 rectum

93 2608 272 2671 Signet
308 2608 417 2666 iter,
455 2622 562 2671 quo
601 2621 655 2656 se
691 2605 983 2655 confundat
1021 2605 1202 2654 devius
1239 2619 1397 2663 error,

93 2688 241 2746 Quot
275 2689 437 2738 virtus
473 2688 601 2736 fluat
627 2687 677 2735 in
705 2687 858 2745 rivos,
897 2701 1004 2750 quo
1031 2685 1240 2735 cardine
1278 2686 1558 2734 honestum
1619 2698 1682 2729 550

90 2770 347 2829 Vertatur,
384 2769 542 2819 rebus
580 2771 836 2832 quantum
876 2769 1106 2817 Fortuna
1143 2766 1354 2816 caducis

92 2851 286 2910 Praesit,
324 2854 380 2900 ut
416 2851 678 2900 humanos
715 2850 898 2899 toleret
935 2863 1083 2898 mens
1120 2848 1282 2898 cruda
1307 2849 1588 2898 tumultus:

93 2931 230 2991 Quae
267 2932 403 2982 cives
440 2946 685 2982 mensura
721 2933 937 2994 premat,
976 2945 1084 2993 quo
1121 2929 1313 2980 robore
1339 2930 1481 2994 leges
