2002 3161
281 211 344 260 82
709 206 860 256 Poeti
892 207 1140 257 amanis-ti
1172 206 1432 272 maggion'

282 337 407 386 Mox
444 349 658 399 quoque
695 333 951 396 phocaico
987 348 1167 383 verum
1206 333 1425 397 mugivit
1462 332 1527 383 ab
1565 336 1716 383 antro

282 417 431 466 Alma
469 416 699 474 Themis,
737 429 842 479 qua
877 429 1007 478 rupe
1046 429 1195 478 pares
1233 415 1480 478 utrinque
1514 415 1721 465 volatus

282 498 566 563 Armigerae
606 511 832 560 posuere
850 496 1019 559 Jovis:
1058 499 1170 546 tum
1189 497 1428 560 juppiter
1465 497 1575 559 ipse

284 580 514 630 Fatidico
542 579 704 629 movit
739 580 895 628 cantu
923 577 1197 627 dodonida
1234 593 1506 641 quercum,

282 663 608 725 Praesciaque
645 661 695 709 in
732 659 913 723 libycis
950 661 1218 710 concussit
1253 674 1452 710 cornua
1478 661 1637 710 lucis:
1807 671 1871 703 210

282 745 513 807 Moxque
549 742 814 806 lycaonias
852 741 959 790 Pan
987 741 1215 790 carmine
1250 742 1431 791 terruit
1468 741 1710 791 umbras:

283 824 510 874 Carmen
547 822 791 886 apollinei
830 821 1065 885 tripodes
1100 821 1385 885 laurusque
1421 822 1628 881 locutae,

284 907 527 969 Quaeque
563 906 876 954 coronatum
915 917 1140 953 sonuere
1166 903 1383 966 philesia
1420 903 1736 962 Branchum,

284 989 552 1038 Pastorem
590 987 905 1045 Branchum,
942 985 1121 1035 tribuit
1158 986 1257 1044 cui,
1295 988 1475 1049 gratus
1512 1000 1769 1045 amorum,

283 1067 565 1130 Sortilegas
600 1080 758 1115 voces
795 1064 1056 1114 admissus
1092 1063 1158 1114 ad
1195 1064 1377 1113 oscula
1414 1063 1598 1113 Paean:
1804 1075 1867 1107 215

283 1148 341 1196 Et
378 1162 472 1197 sua
509 1162 601 1210 per
638 1161 845 1196 carmen
886 1145 1111 1196 ducibus
1147 1159 1401 1208 responsa
1438 1145 1608 1194 latinis

281 1230 606 1293 Noctivagus
642 1229 843 1287 cecinit,
881 1228 1079 1277 calcato
1115 1228 1319 1287 vellere,
1360 1227 1588 1277 Faunus,

280 1311 389 1361 Vos
426 1326 641 1375 quoque
677 1325 770 1374 per
806 1324 1032 1369 carmen,
1070 1309 1312 1372 tripliceS,
1350 1309 1576 1367 oracula,
1616 1308 1806 1367 Parcae,

281 1393 464 1442 Vestra
501 1392 661 1442 datis:
700 1392 827 1455 quin
854 1394 904 1441 et
929 1394 1130 1441 veteres
1167 1404 1476 1453 prompsere
1514 1389 1737 1454 Sibyllae

285 1474 529 1533 Carmen,
566 1474 852 1532 Amalthea,
891 1476 939 1522 et
975 1472 1064 1522 fati
1102 1473 1362 1535 Marpesia
1398 1471 1558 1531 dives,
1809 1483 1873 1514 220

287 1556 679 1619 Herophileque
716 1555 848 1605 idaea
884 1569 1068 1618 genus,
1107 1553 1481 1617 praedoctaque
1519 1552 1707 1611 Sabbe,

285 1638 577 1701 Demoque,
616 1637 923 1701 Phygoque,
961 1639 1011 1686 et
1046 1637 1150 1686 veri
1188 1650 1355 1700 gnara
1391 1634 1674 1693 Phaennis,

286 1720 345 1768 Et
383 1719 664 1769 Carmenta
701 1733 905 1781 parens,
942 1721 992 1767 et
1028 1718 1228 1776 MantO,
1265 1719 1315 1766 et
1353 1717 1529 1780 pythia
1550 1716 1741 1780 longos

286 1799 592 1849 Phemonoe
628 1801 927 1848 commenta
964 1797 1141 1860 pedeS‚
1178 1800 1227 1847 et
1264 1797 1371 1847 filia
1398 1795 1587 1847 Glauci

285 1881 566 1944 Deiphobe
602 1881 820 1929 nimium
857 1880 1029 1928 vivax:
1069 1882 1117 1928 et
1153 1880 1348 1928 Marcia
1384 1878 1602 1927 fratrum
1806 1888 1872 1920 225

285 1963 545 2020 Nomina;
583 1962 988 2026 lymphatusque
1027 1960 1202 2018 Bacis;
1239 1960 1526 2023 subterque
1565 1959 1762 2008 triones

286 2044 453 2094 Natus
490 2043 849 2107 hyperboreos
875 2042 1058 2100 Ollen;
1097 2042 1255 2105 inque
1291 2040 1488 2091 atthide
1524 2043 1657 2090 terra

287 2126 474 2176 Clarus
510 2127 713 2175 honore
752 2125 970 2183 Lichas3
1008 2123 1448 2187 dodoniadesque
1474 2122 1752 2172 columbae.

286 2207 421 2256 Nam
460 2206 586 2271 quid
613 2221 714 2271 ego
741 2207 1041 2256 innumeras
1065 2206 1351 2254 variantem
1379 2204 1566 2254 Protea
1591 2203 1805 2263 formaS,

287 2288 388 2338 Sed
426 2288 590 2338 dubio
627 2289 760 2338 risus
796 2288 941 2337 vultu
979 2287 1378 2350 lachrymasque
1415 2285 1703 2348 perosum?
1812 2295 1876 2327 23⁰

289 2369 498 2428 Quidve
535 2370 722 2432 loquar
763 2371 827 2427 te,
855 2368 1056 2418 Glauce
1106 2367 1307 2418 senex?
1349 2367 1671 2430 plenumque
1716 2381 1802 2429 pa-

1650 2447 1811 2511 [rente

293 2531 525 2591 ldmona,
563 2531 797 2581 fulminei
835 2532 1154 2593 prostratum
1192 2528 1440 2579 dentibus
1476 2528 1625 2591 apri?

297 2612 746 2676 Ampycidemque
783 2612 944 2675 pium,
981 2611 1163 2675 libycis
1189 2625 1346 2674 quem
1383 2609 1518 2659 fudit
1554 2609 1722 2658 arenis

299 2694 490 2756 Vipera
525 2693 729 2743 fatifero
765 2693 942 2742 fauces
979 2706 1198 2742 accensa
1231 2690 1480 2740 veneno?

295 2774 439 2833 Quid
476 2778 540 2833 te,
567 2775 649 2824 cui
675 2775 948 2824 volucrum
975 2774 1168 2837 linguae
1195 2775 1424 2835 patuere,
1450 2770 1754 2833 Melampu?
1811 2781 1874 2812 235

296 2855 457 2914 Quid,
495 2856 577 2905 cui
614 2858 735 2919 post
770 2855 911 2905 visos
947 2854 1157 2903 nudatae
1194 2852 1436 2902 Pallados
1472 2854 1614 2901 artus

300 2937 528 2987 Cernere
554 2937 623 2986 nil
644 2936 878 2987 licitum?
904 2935 1029 2999 quid
1057 2950 1213 2999 quem
1236 2935 1394 2997 impia
1408 2932 1640 2996 prodidit
1665 2946 1810 2992 uxor,
