2002 3161
324 139 422 188 308
758 139 910 189 Poeti
942 140 1192 190 amanistc‘
1226 139 1490 204 maggior-i

324 264 428 314 Dat
463 264 605 328 leges
643 265 862 327 superis,
900 268 989 314 aut
1025 265 1238 328 publica
1276 280 1495 316 munera
1531 269 1727 316 tractat.

324 346 378 394 ln
415 345 592 396 medio
629 345 776 396 sedet
813 347 951 409 ipse:
991 350 1125 396 astat
1162 346 1428 409 Sapientia
1465 348 1660 405 dextra,

322 426 460 476 Hinc
497 426 677 486 Amor,
712 430 764 476 et
800 427 935 477 solio
971 427 1205 478 resident
1242 428 1339 477 tria
1375 429 1600 478 numina
1636 430 1686 478 in
1715 445 1851 488 uno;

321 506 431 556 Sub
458 507 685 570 pedibus
710 507 911 557 Natura
936 511 1143 571 potens,
1171 509 1528 572 Tempusque‚
1556 511 1849 574 Locusque,

321 589 381 637 Et
415 590 621 639 varians
660 590 904 648 Fortuna,
944 592 1100 654 atque
1138 590 1479 640 immutabilis
1515 591 1696 649 Ordo;
1874 608 1915 639 10

321 670 444 719 lnde
482 671 562 719 alii
602 686 846 733 proceres
883 675 932 720 et
969 673 1335 722 convenientia
1372 673 1470 722 late

319 752 565 800 Numina.
606 752 665 800 Et
703 753 909 802 incessu
947 754 1049 802 iam
1088 756 1200 803 tum
1237 755 1477 817 graviore
1517 758 1744 814 notatus,

319 832 688 896 AEgocerontei
726 833 956 885 referens
993 835 1161 897 spolia
1199 835 1372 884 inclita
1410 836 1645 895 monstri,

319 913 573 963 Saturnus
610 917 812 978 gratam
853 916 1028 965 senior
1066 917 1200 966 iusta
1239 917 1398 966 astitit
1437 917 1655 975 Urnam,

319 994 589 1053 SaturnuS‚
627 995 711 1043 cui
749 1009 878 1044 cana
915 1010 1084 1055 coma,
1123 996 1204 1044 cui
1244 995 1459 1045 sordida
1494 997 1665 1046 vestis.
1872 1010 1912 1042 15

316 1073 492 1133 Quem
514 1076 648 1124 iusta
668 1075 965 1137 pharetram
988 1076 1247 1125 incinctus
1266 1076 1603 1139 volucrisque
1630 1077 1845 1140 sagittas

315 1157 488 1206 Laetus
523 1156 831 1206 achemenio
868 1156 1108 1206 consedit
1145 1158 1335 1220 Iupiter
1371 1172 1511 1216 arcu,

315 1236 575 1300 Squamea
613 1238 694 1286 cui
733 1238 958 1301 geminis
996 1238 1309 1287 horrescunt
1345 1238 1516 1288 baltea
1554 1239 1819 1288 monstris.

316 1318 453 1367 Hinc
490 1319 701 1367 Mavors
737 1318 909 1382 rigido
948 1320 1184 1381 crispans
1222 1319 1426 1369 hastilia
1461 1319 1601 1368 ferro

316 1398 706 1462 Suspenditque
744 1399 949 1461 Nepam
988 1400 1153 1463 galea,
1192 1415 1439 1463 conoque
1478 1401 1737 1449 minantes
1866 1413 1909 1444 20
1983 1451 1987 1454 ‚

316 1479 490 1529 Librat
527 1494 689 1544 agens
725 1479 950 1538 Chelas;
989 1484 1099 1530 tum
1138 1481 1391 1530 cornibus
1428 1495 1545 1530 acer
1582 1480 1801 1529 aduncis

312 1560 534 1623 Asperat
570 1565 619 1610 et
657 1561 827 1624 clipeo
865 1577 1075 1625 pugnas
1112 1561 1392 1611 meditatur
1429 1562 1617 1621 ahen0‚

313 1643 670 1706 Excussatque
707 1642 856 1693 Aries
892 1647 1051 1706 caput
1088 1648 1138 1694 et
1176 1644 1310 1707 pede
1349 1645 1567 1707 proterit
1603 1659 1770 1694 auras.

313 1724 449 1773 Tum
487 1738 615 1773 voce
653 1727 702 1773 et
738 1724 935 1774 cithara
971 1728 1155 1789 gratus
1192 1725 1463 1789 nitidaque
1501 1726 1726 1783 iuventa,

311 1804 575 1855 Horridus
613 1805 751 1854 idem
788 1807 944 1855 etiam
982 1807 1225 1869 pharetra
1263 1808 1543 1870 spolioque
1582 1806 1771 1856 Leonis
1863 1818 1904 1850 25
1980 1855 1986 1862 s

310 1885 547 1935 Phoebus
583 1885 746 1944 adest,
784 1885 1079 1949 Phoebique
1116 1902 1295 1936 comes
1334 1888 1443 1936 Lux
1478 1901 1650 1945 aurea,
1688 1886 1837 1936 cuius

310 1968 528 2017 Munere
566 1982 674 2016 non
714 1967 957 2017 tenebras
995 1969 1186 2030 superi,
1225 1983 1334 2018 non
1373 1968 1553 2017 nubila
1590 1970 1801 2016 norunt.

308 2049 374 2097 At
409 2049 589 2099 Venus
629 2050 822 2098 auratis
859 2049 1111 2099 humeros
1149 2053 1346 2099 armata
1383 2050 1586 2113 sagittis

308 2128 748 2195 Candentemque
786 2146 1001 2180 manum
1040 2130 1282 2190 flammiS,
1321 2131 1439 2180 licet
1475 2129 1648 2179 editus
1683 2133 1820 2180 esset

308 2211 564 2261 Nondum
584 2212 764 2270 Amor,
785 2214 994 2261 urentes
1021 2212 1122 2260 iam
1149 2214 1261 2261 tum
1286 2211 1567 2261 meditatur
1592 2225 1813 2270 amores,
1856 2222 1899 2255 30
1970 2215 1974 2238 ’-

309 2294 413 2341 lam
451 2295 562 2342 tum
601 2278 834 2343 sollicitis
871 2293 1077 2342 animos
1114 2293 1394 2342 incendere
1432 2293 1596 2349 curis;

307 2374 480 2436 Atque
517 2374 583 2423 illi
621 2375 765 2423 vario
802 2373 1038 2423 radiabat
1074 2373 1299 2423 candida
1335 2373 1500 2423 limbo

308 2455 493 2515 Vestis,
531 2459 582 2505 et
619 2457 668 2504 in
708 2455 850 2504 molli
890 2455 1177 2518 surgebant
1214 2455 1316 2505 lilia
1351 2458 1518 2517 pram,

309 2536 368 2583 Et
405 2540 536 2599 quot
571 2551 690 2586 vere
728 2551 869 2585 novo
908 2535 1060 2585 tellus
1098 2536 1233 2597 parit
1268 2535 1403 2584 alma
1439 2534 1660 2584 colores.

308 2617 440 2665 lnter
476 2632 612 2680 quos
649 2620 888 2667 tenerum
927 2618 1080 2666 niveo
1119 2616 1349 2666 candore
1387 2617 1667 2665 Iuvencum
1851 2627 1892 2659 35
1987 2673 1989 2682 Ι

307 2699 422 2747 Urit
458 2713 619 2748 amor.
658 2700 813 2749 Nunc
850 2699 931 2748 ille
967 2699 1141 2748 Notos
1177 2702 1334 2761 atque
1371 2712 1489 2746 aera
1526 2699 1759 2760 captanS,

308 2779 442 2836 Heu,
480 2781 611 2829 male
649 2780 867 2829 dilectos
904 2779 1138 2843 queritur
1174 2778 1411 2828 desertus
1447 2791 1668 2836 amores,

305 2859 460 2908 Nunc
499 2865 683 2910 moeret
718 2861 865 2910 viridi
905 2860 1079 2909 infelix
1116 2859 1467 2930 proiectus-in
1507 2858 1710 2915 haerba3
