2002 3161
613 139 873 190 Giovcmni
908 139 1144 188 Pontano
1572 143 1669 192 263

76 265 265 325 Qualia
301 264 427 314 dum
467 267 759 314 memorant
795 262 971 314 faciles
1008 263 1073 313 ad
1111 262 1248 313 furta
1286 262 1515 327 Napaeae,

142 345 300 395 Arcas
337 346 474 394 amat
508 358 689 394 versos
726 344 792 393 ad
830 359 926 394 sua
961 347 1083 394 vota
1121 343 1268 394 deos.

76 425 438 487 Corrumpunt
475 425 608 474 mala
646 424 781 474 dicta
818 425 1066 482 animum,
1107 438 1386 487 moresque
1422 438 1598 473 veren-

1431 504 1563 568 (dos,
1622 518 1664 549 65

142 589 191 636 ln
231 602 381 637 veros
418 603 603 637 sensus
641 602 781 650 saepe
818 588 991 636 abiere
1029 588 1154 636 ioci:

76 669 316 718 Lascivos
352 669 507 732 igitur
544 673 713 718 coetus
751 668 1046 731 lascivaque
1082 668 1242 718 verba

138 749 454 813 pignoribus
492 751 683 799 nostris
721 751 813 799 rite
851 749 1098 808 cavenda,
1136 749 1270 798 vide.

72 830 331 891 Penelope
369 844 657 892 nunquam,
697 844 968 892 nunquam
1008 830 1243 878 Lucretia
1278 828 1405 877 vidit

135 913 280 962 lstrio
318 911 444 961 dum
485 912 625 961 molli
663 912 868 961 scenica
904 926 1035 961 voce
1073 912 1225 960 canit.
1620 923 1664 954 ⁷0

69 993 287 1057 Templa
325 992 629 1056 puticidiam
668 993 957 1042 maculant:
997 993 1048 1041 ni
1087 993 1180 1042 rite
1218 992 1439 1055 peractis

133 1074 308 1127 Rebus
345 1074 472 1133 abis,
512 1074 691 1136 templi
730 1074 885 1122 noxia
922 1089 1063 1136 saepe
1101 1088 1250 1122 mora
1285 1076 1378 1122 est.

73 1157 280 1208 Rustica
319 1170 413 1205 nec
451 1156 574 1205 mihi
613 1156 691 1214 sit,
731 1170 827 1205 nec
864 1156 927 1205 sit
966 1155 1090 1203 mihi
1130 1153 1324 1204 blanda
1361 1154 1548 1216 puella,

133 1237 454 1300 Quanquam
492 1237 750 1286 rusticitas
787 1236 902 1286 labe
939 1251 1121 1285 vacare
1160 1238 1358 1298 potest:

68 1316 264 1366 Blanda
301 1331 495 1379 procax
532 1316 679 1366 facile
706 1320 782 1365 est
807 1320 856 1366 et
882 1320 1052 1365 amata
1078 1315 1143 1365 ad
1171 1315 1369 1365 ludicra
1394 1315 1559 1374 velOX,
1620 1325 1662 1357 ⁷5

131 1398 203 1448 Sit
240 1398 422 1460 procul
461 1414 508 1457 O,
548 1399 731 1460 procul
771 1414 803 1447 o
841 1397 1036 1447 blanda
1073 1412 1374 1460 procaxque
1412 1397 1552 1445 mihi.

67 1480 188 1529 Non
227 1480 407 1544 quales
444 1483 619 1544 ageret
657 1480 835 1529 didicit
873 1495 1156 1529 numerosa
1194 1481 1427 1538 choreaS,

131 1560 232 1610 Sed
271 1576 406 1624 quos
443 1562 670 1625 exigeret
708 1556 995 1610 Laodomia
1032 1562 1194 1610 colos.

66 1642 206 1690 Dum
245 1642 397 1690 trahit
435 1645 553 1691 ante
590 1645 730 1691 rotas
768 1641 996 1691 devictas
1034 1641 1209 1705 Scipio
1246 1644 1446 1706 gentes,

128 1723 186 1772 Et
224 1723 423 1786 peragit
461 1738 685 1787 magnos
721 1722 883 1772 libera
921 1723 1086 1775 Roma
1125 1724 1286 1782 iocos,
1613 1737 1657 1769 so

60 1805 314 1854 Matronae
350 1805 669 1867 iuvenesque
706 1805 860 1854 simul
900 1819 991 1866 per
1028 1805 1261 1866 compita
1298 1805 1502 1862 saltant,

124 1884 372 1935 Concinit
409 1888 458 1934 et
493 1885 666 1934 varios
704 1884 846 1948 tybia
884 1884 1003 1948 lyda
1041 1900 1221 1934 sonos,

62 1985 82 2008 <<
108 1965 390 2023 Romanos,
430 1966 612 2029 inquit,
651 1980 901 2014 numeros
939 1965 1122 2015 inflare
1162 1968 1443 2023 mementO,

124 2045 340 2105 AEmilia,
378 2049 427 2095 et
465 2049 692 2104 nostros,
731 2045 947 2104 advena,
987 2049 1144 2109 tange
1182 2045 1436 2095 modos.»

59 2127 178 2176 Non
218 2128 391 2176 omnis
428 2127 585 2189 igitur
622 2141 889 2185 numer08‚
929 2142 1035 2175 non
1064 2141 1302 2190 quasque
1335 2127 1555 2177 choreas
1613 2139 1656 2171 85

122 2205 259 2264 Quae
296 2206 479 2268 proba,
518 2222 612 2256 nec
650 2207 849 2270 quaevis
885 2207 1115 2255 carmina
1153 2221 1310 2255 nosse
1347 2207 1505 2268 cupit.

59 2286 252 2336 Ausam
291 2288 372 2335 vix
411 2291 705 2336 memorant
742 2288 890 2336 tectis
928 2287 1119 2350 Argian
1160 2288 1307 2335 avitis

123 2366 366 2416 Prodisse
405 2371 453 2416 et
491 2382 631 2416 raras
669 2367 814 2416 urbis
853 2367 1023 2417 adisse
1061 2367 1271 2416 domos.

57 2447 193 2504 Quae
231 2451 372 2497 casta
398 2451 489 2506 est,
518 2449 748 2496 thalamo
776 2447 972 2511 gaudet
998 2447 1303 2511 laribusque
1331 2448 1586 2510 paternis:

121 2528 300 2577 Turba
339 2531 507 2587 nocet,
547 2528 715 2577 turbae
755 2529 970 2577 crimina
1009 2528 1206 2591 ubique
1244 2529 1465 2590 placent.
1612 2540 1655 2572 90

58 2609 144 2657 Est
182 2609 286 2657 oris
324 2623 539 2672 quoque
577 2609 671 2666 lex,
710 2611 786 2658 est
823 2612 871 2657 et
908 2623 1001 2657 sua
1040 2623 1163 2657 cura
1201 2609 1407 2671 capillO,

123 2687 298 2746 Quam
338 2690 566 2738 tenuisse
605 2689 767 2748 (lecet,
807 2689 1116 2751 praeteriisse
1155 2689 1315 2739 nefas.

57 2767 267 2819 Evadne
304 2769 407 2820 hoc
444 2770 653 2833 placuit,
691 2770 992 2833 placuitque
1030 2770 1131 2819 hoc
1170 2770 1354 2819 Martia
1391 2770 1549 2826 cultu,

119 2848 354 2901 Ornatus
390 2854 561 2900 tamen
603 2854 680 2902 est
719 2854 903 2901 neutra
940 2853 1117 2901 secuta
1155 2865 1356 2907 novos;
