2002 3161
281 142 378 192 238
713 144 863 193 Poetz·
897 147 1144 195 ultzaniSz‘i
1178 148 1437 212 maggiori

280 268 380 318 Sed
421 272 591 319 tamen
632 271 942 335 ingeminat:
986 274 1213 332 «Mater,
1252 274 1317 324 da
1354 276 1569 338 spicula,
1609 281 1785 339 mater,

344 348 522 402 Redde
543 365 720 399 arcum
741 366 800 400 ac
820 352 1131 414 pharetram,
1154 355 1359 419 telaque
1380 355 1542 406 redde
1564 357 1703 407 mihi.
1728 378 1749 403 »
1808 372 1871 404 130

277 429 406 479 Ecce
443 434 617 481 autem
654 434 880 496 geminae
917 450 1008 496 per
1047 451 1316 486 murmura
1354 440 1479 487 nota
1516 439 1780 489 culumbae

340 508 647 560 Ostendunt
683 527 835 562 arcus
873 516 1030 576 atque
1069 514 1159 563 ubi
1197 516 1297 564 tela
1335 516 1509 565 latent.

274 585 415 636 Eruit
452 588 534 637 illa
571 603 722 639 arcus
758 593 808 638 et
845 591 1085 641 sentibus
1121 591 1300 642 abdita
1349 595 1463 654 tela,

337 667 633 718 Obducunt
670 671 848 732 spinas
886 686 991 735 qua
1018 673 1236 736 tetigere
1263 674 1397 734 rubi,

271 749 407 798 Tum
446 765 667 812 puerum
706 753 931 817 accingit
978 753 1234 816 pharetra,
1273 756 1652 821 pharetraeque,
1702 773 1775 808 sa-

1591 837 1763 901 [gittas
1802 850 1863 883 135

333 908 538 969 Indidit,
576 910 688 973 ipsa
725 926 820 961 sua
857 912 1228 979 disposuitque
1267 930 1444 965 manu.

267 991 415 1045 Ridet
451 992 629 1053 Amor,
666 994 970 1059 gaudetque
1007 1012 1159 1048 arcus
1197 1001 1431 1058 tractare,
1468 1000 1693 1064 sinuque

330 1073 558 1138 Virginis
595 1091 622 1125 e
659 1078 840 1127 tenero
876 1078 1093 1129 vulnera
1129 1083 1276 1130 sueta
1314 1084 1476 1144 parat,

263 1155 372 1206 Ore
409 1172 553 1220 puer,
593 1158 684 1208 sed
722 1160 907 1210 fraude
945 1176 1105 1211 senex
1141 1166 1299 1227 atque
1338 1166 1445 1214 arte
1483 1166 1745 1229 magister,

329 1239 470 1288 Trux
496 1239 591 1300 dis,
618 1243 735 1290 trux
761 1242 978 1302 homini,
1003 1246 1120 1293 trux
1145 1259 1362 1309 quoque
1388 1249 1438 1295 et
1465 1246 1575 1309 ipse
1601 1247 1737 1298 feris,
1794 1260 1856 1292 140

260 1320 385 1369 Mox
422 1322 559 1372 collo
598 1323 879 1386 implicitus
916 1326 1194 1389 nymphae,
1234 1328 1450 1389 puerilia
1488 1329 1655 1393 iungit

324 1402 524 1453 Oscula
561 1407 609 1454 et
646 1405 877 1456 alternos
914 1411 1167 1469 provocat
1206 1423 1295 1458 ore
1334 1410 1496 1469 iocos,

259 1483 619 1549 Paulatimque
646 1486 800 1538 dolos
838 1487 1096 1539 meditans
1133 1490 1349 1553 inspirat
1384 1492 1609 1541 amicum

321 1565 491 1626 Virus,
530 1570 578 1616 et
616 1583 645 1617 a
682 1569 849 1618 tacitis
887 1570 1050 1619 inficit
1088 1585 1209 1620 ossa
1247 1572 1410 1622 notis:

260 1662 281 1687 <<
305 1643 415 1693 Nec
452 1647 540 1694 tua
577 1660 685 1695 non
725 1650 918 1697 nostrae
954 1649 1239 1699 versabunt
1275 1654 1488 1713 pectore
1525 1666 1680 1711 curae,
1788 1666 1849 1698 145

321 1724 534 1789 Quique
571 1727 688 1776 sinu
727 1730 925 1788 teneor,
965 1729 1126 1780 corde
1163 1731 1387 1782 fovebor
1426 1731 1606 1792 Amor,

253 1805 363 1856 Nec
399 1810 541 1858 vates
578 1808 725 1869 derit,
762 1811 851 1873 qui
889 1813 937 1861 te
974 1826 1190 1876 quoque
1216 1816 1402 1874 cantet,
1440 1817 1489 1863 et
1526 1815 1592 1863 illi

318 1888 430 1950 lpse
468 1888 645 1949 aderO,
685 1891 797 1953 ipsa
836 1891 927 1941 tibi
965 1896 1114 1955 grata
1149 1893 1326 1944 futura
1363 1909 1568 1957 parenS.
1599 1916 1619 1941 »

251 1969 380 2018 Haec
417 1971 501 2029 ait,
539 1974 588 2020 et
625 1971 800 2022 nitidis
839 1973 976 2023 coelo
1013 1988 1068 2024 se
1106 1976 1315 2025 sustulit
1351 1976 1472 2034 alis;

313 2050 436 2109 Qua
472 2053 628 2112 volat,
665 2057 859 2104 auratae
897 2056 1048 2120 signa
1086 2056 1279 2107 dedere
1317 2073 1503 2108 comae.
1782 2072 1844 2104 ¹50

247 2131 328 2180 Ad
367 2136 583 2183 matrem
624 2139 886 2198 properat,
925 2151 1045 2186 nam
1084 2138 1211 2188 vidit
1247 2138 1313 2188 ab
1352 2153 1468 2188 aere
1507 2142 1750 2197 matrem;

316 2213 579 2277 Excipitur
615 2231 770 2266 roseo
811 2219 991 2267 matris
1028 2218 1094 2268 ab
1133 2234 1224 2270 ore
1261 2235 1386 2270 suae.

248 2293 385 2353 Quae
422 2300 704 2360 postquam
743 2299 888 2361 pueri
927 2314 1080 2349 casus
1116 2304 1165 2350 et
1201 2301 1408 2351 vincula
1447 2302 1606 2360 novit,

312 2376 538 2427 Detersit
574 2378 797 2429 lacrimis
834 2395 1060 2444 quaeque
1098 2381 1243 2432 fuere
1281 2386 1439 2442 notae,

246 2457 305 2506 Et
341 2458 506 2508 solata
542 2460 711 2519 simul,
749 2461 903 2511 simul
941 2465 989 2511 et
1039 2463 1294 2524 miserata,
1334 2463 1554 2526 papillas
1774 2475 1836 2506 155

311 2538 545 2598 Obtulit;
583 2541 815 2591 admovit
851 2542 996 2592 labra
1034 2559 1329 2609 manusque
1366 2559 1512 2608 puer,

244 2618 428 2682 Deque
465 2622 582 2671 sinu
620 2623 817 2672 fluxere
855 2638 1013 2683 aurae,
1052 2625 1249 2676 fluxere
1289 2626 1502 2684 Favoni,

309 2700 479 2763 Atque
516 2703 732 2752 arabum
771 2704 950 2753 afflatu
991 2709 1137 2768 prata
1174 2707 1353 2757 oluere
1391 2720 1594 2756 nemuS.

245 2860 372 2910 l-laec
391 2866 671 2926 postquam
693 2865 985 2926 Antiniana,
1016 2882 1213 2917 novum
1241 2869 1467 2933 coryleta
1493 2865 1754 2916 dederunt
