2002 3161
296 158 388 209 156
718 161 870 212 Poeti
900 162 1149 214 amanisti
1185 163 1446 230 maggiori

283 282 443 334 Addit
480 286 641 336 tristia
678 287 796 346 fata,
834 292 883 338 et
919 292 984 349 te,
1023 305 1181 353 quem
1219 291 1363 354 luget
1400 290 1670 341 ademtum

284 364 423 414 ltalia
461 365 634 416 infelix
672 368 798 432 (sive
835 368 886 418 id
923 371 1095 433 gravis
1133 372 1206 420 ira
1243 371 1496 430 Deorum,

284 445 384 495 Seu
422 462 537 497 sors
575 448 705 499 dura
740 450 874 513 tulit)
913 454 1056 501 trans
1092 452 1221 503 altas
1257 454 1428 503 evehit
1463 452 1638 516 AlpeS.

281 529 407 578 Mox
443 531 549 593 agit
585 530 786 581 Oceani
824 547 990 594 prope
1026 533 1203 583 litora:
1242 533 1470 598 denique
1508 535 1638 584 sistit

283 610 624 673 Spumantem
650 612 716 661 ad
744 613 982 677 Ligerim,
1020 629 1284 679 parvaque
1311 616 1528 666 includit
1555 617 1605 666 in
1633 632 1780 667 urna.
1831 629 1871 662 8⁵

349 692 466 741 Heu
487 696 681 743 sortem
703 695 1070 755 miserandam,
1086 697 1188 746 heu
1209 700 1422 759 pectora
1443 713 1596 748 caeca
1615 699 1802 749 futuri!

282 775 542 825 Haeccine
579 779 628 826 te
664 777 860 828 fessum
898 779 1049 829 tellus
1086 781 1314 829 extrema
1349 780 1595 830 manebat

282 857 551 919 HospitiiS,
589 862 711 920 post
746 862 822 909 tot
860 863 1147 924 terraeque,
1188 862 1451 925 marisque
1488 862 1734 912 labores?

280 937 423 987 Pone
461 941 634 988 tamen
660 941 912 1003 gemitus:
940 956 1036 990 nec
1062 945 1110 991 te
1137 946 1482 993 monumenta
1507 946 1800 1006 parentum,

276 1018 380 1068 Aut
416 1023 661 1069 moveant
697 1025 902 1084 sperata
938 1023 1040 1072 tuis
1077 1022 1170 1071 tibi
1209 1023 1394 1073 funera
1429 1025 1628 1088 regnis:
1827 1036 1869 1068 ⁹⁰

277 1099 441 1149 Grata
477 1102 625 1164 quies
661 1104 882 1165 patriae:
923 1103 1015 1153 sed
1043 1107 1093 1153 et
1119 1105 1292 1155 omnis
1318 1108 1453 1155 terra
1479 1106 1795 1169 sepulcrum.

342 1182 486 1232 Haec
523 1184 620 1243 ille,
658 1187 708 1234 et
744 1200 878 1249 quae
914 1186 997 1235 vix
1034 1186 1211 1236 audita
1248 1187 1512 1250 prioribus
1549 1189 1700 1238 annis

275 1262 511 1312 Heroum
549 1264 804 1329 longaeva
840 1270 997 1330 queat
1033 1268 1330 1318 meminisse
1365 1271 1610 1327 vetusta5‚

273 1343 688 1397 Commemorat.
727 1347 883 1398 Socio
920 1348 1244 1411 respondent
1280 1365 1511 1414 aequora
1548 1353 1763 1414 plausu:

273 1426 417 1476 Luna
454 1443 602 1478 suam
640 1429 810 1480 donec
847 1431 1115 1494 paullatim
1153 1432 1373 1482 fundere
1410 1434 1579 1484 lucem
1822 1446 1863 1479 9⁵

272 1506 479 1570 Coepit,
517 1513 566 1559 et
603 1510 669 1559 ad
704 1512 892 1562 vitreas
928 1512 1194 1562 redierunt
1230 1513 1462 1564 Numina
1498 1515 1664 1565 sedes.

910 1755 1125 1805 ECLOGA
1160 1756 1221 1805 V.

591 1871 1046 1926 CASSANDRAE
1083 1873 1539 1934 MARCHESIAE,

673 1983 893 2019 MULIERI
933 1983 1450 2021 PRAESTAanstAE.

556 2062 883 2115 HERPYLIS
921 2063 1569 2118 PHARMACEUTRIA.*

787 2219 1023 2280 DorilaS,
1071 2220 1336 2284 leelegon.

330 2313 431 2363 Sed
467 2314 572 2377 jam
609 2314 851 2377 vulgatos
888 2318 937 2365 et
976 2331 1075 2365 nos
1112 2317 1400 2366 referamus
1437 2332 1668 2368 amores:

264 2392 417 2451 Quos
454 2396 643 2457 pariter
678 2399 827 2459 grata
862 2398 1066 2459 scopuli
1105 2398 1384 2460 pendentis
1423 2399 1473 2448 in
1512 2399 1699 2449 umbra

372 2521 414 2559 V.
445 2522 505 2560 81.
536 2521 670 2560 Addit
697 2523 846 2561 tristia
869 2524 983 2572 fata,
1012 2525 1054 2562 et
1081 2525 1130 2572 te,
1161 2527 1238 2563 etc.
1267 2524 1419 2564 Allude
1449 2525 1582 2564 anche
1618 2526 1660 2564 in
1700 2529 1852 2575 questo

260 2585 394 2635 luogo
411 2599 435 2626 a
455 2588 654 2627 Federico
675 2588 937 2638 d’Aragona,
961 2590 1027 2629 del
1048 2590 1174 2640 quale
1193 2591 1227 2630 si
1248 2590 1270 2629 ὲ
1291 2591 1406 2630 detto
1425 2593 1850 2631 antecedentemente.

262 2651 290 2688 11
321 2651 380 2698 S.,
411 2654 520 2692 assai
550 2665 648 2692 caro
679 2666 702 2693 a
732 2666 775 2693 re
806 2655 1022 2702 Federico,
1044 2656 1087 2695 lo
1108 2656 1273 2696 celebra
1292 2657 1334 2695 in
1355 2657 1490 2706 elegie
1510 2658 1562 2696 ed
1583 2658 1850 2707 epigrammi.

258 2715 300 2755 Si
317 2717 444 2756 duole
467 2720 552 2768 poi,
578 2731 697 2759 corne
717 2721 805 2770 qui,
829 2721 895 2760 del
917 2733 997 2761 suo
1019 2721 1108 2761 fato
1129 2722 1383 2770 tristissimo,
1405 2723 1446 2762 in
1464 2724 1689 2773 particolar
1704 2725 1850 2771 modo,

259 2783 369 2822 nella
398 2784 534 2834 elegia
563 2786 595 2824 11
626 2787 692 2825 del
722 2787 795 2826 lib.
828 2788 895 2826 111.

363 2850 380 2867 *
410 2849 489 2889 Per
517 2854 693 2891 concetti
724 2865 746 2891 e
777 2865 998 2901 movenza,
1030 2854 1334 2904 quest'egloga
1362 2855 1527 2894 ricorda
1565 2856 1672 2895 assai
1711 2857 1764 2895 da
1792 2857 1851 2895 vi-

260 2915 356 2954 cino
383 2915 410 2953 l'
432 2916 564 2955 idillio
594 2918 626 2955 11
655 2919 697 2956 di
736 2919 962 2959 Teocrito:
1006 2921 1065 2959 La
1103 2921 1393 2969 incantatrice,
1424 2921 1502 2960 che
1539 2921 1626 2971 puo
1663 2922 1849 2972 leggersi
