2002 3161
229 154 320 201 140
652 149 802 198 Poeti
836 148 1084 199 amanisti
1117 149 1377 214 maggiorl’

291 279 410 327 Huc
445 277 581 336 illue,
619 276 746 326 dum
784 275 1045 340 Pausilypi
1083 276 1218 326 latus
1254 291 1412 326 omne
1450 292 1676 340 pererm,

288 360 662 422 piscosamque
697 358 818 421 lego
854 358 1006 407 celeri
1043 357 1240 407 Nesida
1278 358 1525 421 phaselo:

286 441 479 490 Nescio
515 438 642 503 quid
670 439 871 502 queruli
897 441 1168 502 gemerent
1193 439 1509 489 lacrimabile
1536 442 1715 505 mergi.
1771 452 1808 485 15

287 521 479 584 Phyllis
516 519 581 569 ad
620 519 844 578 inferias,
883 519 1089 583 Phyllis,
1126 520 1166 569 si
1204 519 1483 580 credimus,
1522 521 1638 571 illos

286 602 366 651 Ad
392 601 662 665 gemitum,
690 615 723 650 o
752 599 956 663 Lycida,
984 601 1276 664 tumulique
1313 601 1378 651 ad
1416 616 1562 652 sacra
1597 618 1745 653 voca-

1621 682 1743 747 [bat.

218 767 325 830 Lyc.
366 764 524 823 Eheu,
562 777 678 812 care
714 763 925 826 Mycon‚
963 763 1131 826 qualis
1168 764 1464 826 spectacula
1502 779 1730 828 pompae

286 847 463 911 (Nunc
489 844 685 908 recolo)
708 858 840 908 quas
867 845 977 907 ipse
998 859 1201 905 manus,
1222 860 1421 909 quaeve
1448 861 1540 896 ora
1566 848 1741 897 notavi

286 929 382 978 His
420 927 617 977 oculis!
655 927 735 976 his
772 927 986 990 inquam
1025 927 1192 977 oculis
1229 942 1364 991 quae
1401 928 1584 978 funera
1619 928 1724 979 vidi
1767 941 1809 974 20

285 1009 494 1059 Infelix!
532 1023 628 1059 nec
665 1022 747 1058 me
783 1007 995 1057 tandem
1034 1007 1188 1058 dolor
1226 1009 1503 1071 improbus
1538 1010 1643 1074 egit

283 1093 336 1140 ln
375 1090 642 1153 scopulos,
680 1090 730 1138 in
769 1104 905 1150 saxa,
943 1104 1142 1154 rogove
1179 1089 1435 1141 absumsit
1470 1090 1658 1142 eodem

284 1173 439 1235 Ignea
474 1172 566 1230 viS,
591 1171 670 1220 vel
697 1170 879 1220 saltem
905 1170 1092 1234 aliquis
1119 1170 1265 1221 Deus
1291 1184 1522 1235 aequore
1549 1173 1739 1222 mersit.

217 1255 350 1319 MyC.
388 1253 440 1303 O
479 1252 668 1317 Lycida
705 1252 922 1316 Lycida:
961 1267 1139 1303 nonne
1175 1253 1278 1303 hoc
1314 1253 1514 1305 felicius
1552 1255 1619 1305 illi

284 1337 528 1387 Evenisse
565 1338 733 1399 putaS,
773 1350 933 1399 quam
971 1336 1011 1385 si
1048 1335 1259 1386 fumosa
1296 1337 1520 1400 Lycotae
1766 1352 1810 1383 25

283 1419 460 1478 Antra,
497 1418 577 1467 vel
613 1417 796 1467 hirsuti
834 1419 1059 1481 tegetem
1096 1417 1342 1468 subiisset
1379 1417 1677 1483 Amyntae?

282 1501 343 1550 Et
380 1514 520 1549 nunc
558 1499 659 1549 heu
696 1498 822 1548 viles
859 1498 1017 1548 hamo
1055 1498 1151 1549 sibi
1190 1502 1461 1563 quaereret
1497 1515 1673 1551 escas:

282 1581 385 1630 Aut
422 1581 563 1630 tenui
601 1580 797 1630 laceras
833 1580 1043 1630 sarciret
1077 1580 1270 1630 vimine
1307 1595 1503 1631 nassas.

283 1662 383 1712 Sed
421 1665 492 1722 tu,
530 1661 703 1725 siquid
741 1661 905 1711 habes
939 1664 1138 1712 veteres
1177 1662 1323 1726 quod
1361 1663 1537 1726 lugeat
1575 1663 1739 1727 igneS‚

280 1742 444 1801 Quod
483 1743 680 1801 Mane5‚
718 1743 1023 1807 cineresque
1061 1742 1150 1792 diu
1188 1746 1404 1793 testetur
1440 1746 1671 1794 amatos:
1764 1755 1808 1787 3ο

284 1826 479 1887 Incipe:
520 1823 955 1888 quandoquidem
992 1825 1176 1874 molles
1213 1824 1304 1874 tibi
1343 1825 1464 1875 litus
1501 1839 1685 1876 arenas

281 1907 501 1957 Sternit:
538 1908 587 1956 et
625 1906 789 1956 insani
828 1909 1121 1968 posuerunt
1158 1921 1427 1956 murmura
1464 1907 1673 1957 fluctus.

214 1990 323 2054 Lyc.
351 1989 516 2037 Immo
542 1987 684 2047 haec,
712 2001 847 2050 quae
873 1987 1030 2037 cineri
1070 2001 1238 2049 nuper
1275 1991 1554 2050 properata
1591 2003 1735 2051 para-

1599 2069 1739 2134 [bam

280 2153 543 2213 Carmina,
581 2153 646 2202 ab
674 2155 905 2203 extremo
932 2168 1096 2216 quum
1124 2153 1227 2217 jam
1255 2167 1381 2203 cava
1406 2153 1556 2203 litora
1581 2157 1738 2217 portu

281 2235 655 2298 prospicerem,
694 2236 743 2284 et
780 2234 912 2283 nivei
949 2248 1222 2284 venerarer
1257 2248 1379 2284 saxa
1415 2234 1672 2297 sepulcri:
1760 2247 1804 2280 35

280 2316 541 2378 Incipiam.
581 2316 662 2365 Tu
700 2315 959 2364 coniferas
996 2313 1061 2363 ad
1098 2314 1253 2364 busta
1290 2329 1571 2378 cupressus

279 2398 476 2461 Sparge
515 2411 701 2445 manu:
740 2398 789 2445 et
824 2394 972 2444 viridi
1011 2395 1272 2445 tumulum
1311 2396 1648 2459 superintege

1532 2477 1736 2541 [myrto.

213 2560 345 2623 Myc.
384 2559 458 2607 En
496 2558 603 2622 tybi
641 2558 860 2608 caerulei
900 2572 1139 2607 muscum
1178 2559 1437 2622 aequoris,
1475 2574 1539 2609 en
1577 2558 1668 2608 tibi

1489 2639 1736 2705 [conchas

279 2720 589 2781 PurpureaS,
627 2735 722 2769 nec
761 2735 868 2770 non
907 2723 1020 2769 toto
1057 2722 1291 2784 quaesita
1330 2720 1615 2784 profund0‚

280 2802 339 2850 Et
375 2802 458 2849 vix
493 2816 554 2850 ex
592 2802 707 2852 imis
743 2803 919 2852 evulsa
953 2803 1144 2853 coralia
1181 2804 1315 2854 saxis
1757 2815 1801 2847 ⁴0

277 2881 592 2931 Adferimus.
632 2883 712 2931 Tu
750 2882 1011 2933 solemnes
1048 2898 1189 2934 nunc
1226 2885 1395 2947 incipe
1431 2885 1643 2933 cantus:
