2002 3161
622 137 884 187 Giovanni
916 138 1157 187 Pontano
1583 136 1680 184 319

90 268 188 317 Per
221 278 440 327 campos
476 277 645 312 errare
682 262 1066 323 hominumque
1101 259 1278 307 videre
1324 258 1547 316 labore3‚

91 347 259 396 Metiri
296 359 449 394 casus
486 344 689 406 inopeS‚
726 342 853 391 dum
891 341 1098 404 singula
1134 340 1317 389 lustrat

91 426 454 490 Perquiritque
489 424 656 474 oculis
691 423 1023 485 multumque
1059 422 1110 469 in
1147 419 1307 469 corde
1332 419 1546 477 volutat,
1640 430 1683 460 30

91 507 324 557 Advertit
360 506 569 555 niveum
607 505 791 567 procul
829 519 858 553 a
894 503 1144 567 genitrice
1183 502 1462 550 iuvencum

93 590 377 646 Errantem,
413 588 496 637 cui
534 587 824 649 cornigeris
862 586 913 634 in
949 583 1217 634 frontibus
1254 596 1440 631 aurum

93 670 363 735 Fulgebat,
401 670 661 719 stellatum
699 683 903 726 aurum,
941 667 1024 716 cui
1062 665 1233 716 sidera
1268 667 1419 727 tergo

94 752 400 811 Scintillant,
438 751 538 800 iam
576 754 688 799 tum
726 750 864 798 coelo
902 748 991 811 qui
1029 747 1224 810 dignus
1260 745 1439 795 haberi

94 834 294 893 Posset,
331 836 388 882 ut
424 832 669 882 aetherios
706 831 830 880 olim
868 833 1121 879 venturus
1158 827 1224 877 ad
1260 841 1397 877 axes.
1643 835 1687 868 35

95 914 233 964 Huic
271 912 369 963 dea
404 927 547 962 nunc
582 910 760 960 viridis
797 925 973 959 ramos
1008 912 1058 958 et
1093 908 1332 972 gramina
1367 907 1499 955 lecta

95 995 321 1058 Porrigit
357 995 643 1056 invitatque
679 1007 856 1050 manu,
893 1005 1035 1041 nunc
1070 993 1311 1052 tempora
1346 986 1554 1037 blandis

95 1076 379 1125 pertrectat
414 1074 591 1138 digitis
627 1076 784 1136 atque
822 1087 915 1122 ora
951 1071 1173 1135 rigentia
1210 1069 1421 1127 mulcet,

95 1156 253 1205 Nunc
288 1154 515 1203 frontem
551 1153 705 1202 variis
741 1150 1035 1201 redimitam
1072 1149 1296 1199 floribus
1332 1150 1497 1205 ornat,

96 1238 171 1287 Ac
207 1236 476 1299 picturatis
512 1235 748 1284 intexens
783 1247 985 1283 cornua
1020 1233 1169 1282 sertis
1647 1239 1691 1270 40

98 1315 350 1365 Mollibus
386 1315 612 1363 hirsutas
647 1311 821 1363 verbis
857 1311 1125 1361 blanditur
1161 1310 1227 1360 ad
1253 1323 1421 1359 aures,

100 1398 184 1447 llle
220 1400 394 1446 autern
432 1399 625 1445 tenerae
661 1396 937 1457 correptus
974 1407 1154 1443 amore
1191 1391 1380 1454 puellae

99 1478 256 1526 Nunc
293 1475 562 1525 decumbit
585 1475 732 1524 humi
756 1473 1014 1536 vertitque
1049 1471 1116 1522 ad
1143 1485 1362 1520 munera
1397 1469 1624 1518 frontem

98 1558 341 1608 Demissa
376 1557 589 1616 cervice,
626 1556 725 1605 alte
762 1558 812 1604 et
847 1554 1073 1616 suspiria
1108 1552 1310 1602 ducens

102 1640 288 1703 Mugit‚
325 1642 375 1687 et
411 1638 523 1700 ipse
559 1651 681 1687 suas
718 1637 917 1686 solatur
954 1648 1223 1684 murmure
1257 1646 1437 1689 curas;
1648 1640 1692 1671 45

101 1722 258 1770 Nunc
294 1720 455 1769 haeret
491 1718 794 1782 pendetque
830 1716 1012 1777 oculis,
1050 1715 1294 1774 ludentis,
1331 1716 1382 1762 et
1419 1713 1536 1774 ipso

103 1802 321 1852 Lascivit
356 1815 542 1864 gressu
578 1800 819 1849 exsiliens
853 1799 1117 1863 gestitque
1154 1811 1247 1859 per
1283 1794 1506 1845 haerbas.

103 1884 398 1946 Insequitur
434 1881 588 1931 simul
625 1883 675 1930 et
714 1880 876 1930 niveis
911 1894 1004 1942 per
1040 1878 1279 1943 gramina
1305 1875 1495 1939 plantis

105 1965 320 2014 lnsultat
354 1963 505 2027 virgo
541 1965 592 2012 et
626 1976 867 2025 gressum
905 1975 1029 2010 mox
1065 1959 1221 2010 sistit:
1260 1960 1311 2007 at
1348 1957 1429 2005 ille

104 2046 264 2095 Insilit
299 2048 349 2094 et
385 2043 612 2107 pedibus
647 2043 899 2093 cervicem
949 2042 1210 2090 innectere
1250 2039 1428 2087 tentat.
1653 2043 1695 2075 50

104 2125 353 2190 Nympha
387 2139 609 2187 procum
647 2125 923 2186 aspernata
970 2122 1210 2184 fugitque
1257 2121 1307 2167 et
1344 2118 1481 2166 lenta
1518 2128 1626 2163 mo-

106 2207 167 2256 Et
203 2205 400 2256 nudata
434 2220 575 2270 genu
612 2205 827 2267 risuque
864 2203 1045 2252 invitat
1082 2202 1360 2250 amantem.
1469 2197 1628 2259 [ratur

108 2287 192 2337 Ille
228 2289 420 2345 autem,
456 2285 656 2335 blando
692 2298 1024 2347 componens
1050 2293 1319 2331 murmura
1356 2280 1561 2340 questu,

108 2368 329 2432 Affingit
365 2372 574 2417 teneros
611 2369 789 2415 motus
824 2368 874 2414 et
908 2365 1081 2413 fronte
1119 2365 1373 2412 coruscat.

111 2451 226 2499 Hos
261 2450 393 2499 inter
428 2450 575 2498 lusus
609 2448 759 2511 virgo
795 2445 1067 2495 innodavit
1101 2446 1363 2494 amantem
1656 2451 1699 2483 ⁵5

110 2530 380 2581 Cornibus
415 2534 465 2580 et
501 2529 696 2591 duplici
733 2527 962 2577 advolvit
997 2525 1254 2575 funabula
1290 2539 1452 2574 nexu:

110 2611 358 2675 Nympha
391 2611 560 2669 trahit,
587 2609 928 2672 sequiturque
953 2608 1137 2656 volens
1161 2608 1212 2655 et
1236 2606 1388 2654 laetus
1413 2606 1628 2662 amator,

110 2692 186 2742 Ac
222 2693 431 2756 nigrum
467 2693 658 2754 sponte
692 2689 958 2739 admirans
994 2687 1227 2737 defertur
1262 2686 1312 2735 in
1340 2688 1564 2735 antrum.

114 2773 271 2823 Hunc
306 2776 589 2836 postquam
627 2772 938 2833 sociumque
986 2783 1207 2831 operum
1257 2769 1632 2828 assuetumque

1447 2846 1632 2913 [labori
