2002 3161
613 189 874 239 Oiovatmi
907 189 1144 239 Pontano
1574 191 1670 240 233

217 316 343 366 Post
378 315 495 366 coeli
533 316 869 377 tempestates
906 314 1186 377 pelagique
1225 313 1507 376 procellam
1607 326 1673 358 240

216 398 563 460 Componunt
599 410 712 445 sese
748 395 957 455 fluctus,
996 398 1046 444 et
1082 395 1280 444 nubilia
1316 394 1526 444 cedunt.

216 479 456 529 Tristitiae
482 491 696 541 quoque
723 479 860 526 meta
885 491 980 526 sua
1004 479 1095 526 est.
1123 477 1370 526 Meliseus
1396 475 1461 525 ab
1489 478 1639 525 antro

213 560 448 610 Prodibit
470 558 682 608 tandem
705 559 897 622 segetis
924 573 1127 608 memor
1153 561 1203 607 et
1229 572 1433 607 memor
1452 557 1604 617 horti,

213 643 387 691 Diluet
423 644 473 691 et
511 642 690 691 rastris
727 655 880 690 curas
917 644 966 689 et
1003 640 1133 689 falce
1170 640 1426 690 dolorem.

80 723 158 774 Cz’.
198 723 341 782 Quin
379 724 576 786 potius,
615 722 871 786 quoniam
909 736 998 771 ver
1035 722 1234 785 appetit
1270 723 1321 770 et
1347 735 1442 770 sua
1464 735 1603 769 curae

1473 802 1569 866 [est
1603 814 1668 846 245

208 887 403 947 lnsitiO,
441 886 736 949 falcemque
774 886 844 935 illi
883 900 1190 949 cuneosque
1227 884 1519 948 paramus?

206 967 416 1018 Cortice
442 982 657 1031 quoque
684 968 839 1016 etiam
867 967 1117 1016 lentescat
1141 967 1334 1016 vulnus
1360 969 1409 1015 et
1435 964 1599 1023 hudO,

210 1048 348 1107 Quae
385 1063 544 1112 super
570 1049 680 1111 ipse
707 1049 880 1098 linens
917 1049 1157 1111 imponat
1193 1048 1410 1111 glutina,
1449 1046 1599 1096 libro,

721 1304 1041 1358 (ΣΟΗΥΙῈῘις

754 1409 858 1459 (Εει.
888 1409 960 1458 ν.)

308 1492 492 1556 Coryle
525 1490 896 1555 transformata
930 1492 978 1540 et
1011 1491 1174 1539 Amor
1209 1488 1416 1538 vinctas⁸

134 1575 299 1634 Hanc,
337 1573 466 1633 Acti,
506 1573 698 1637 (neque
748 1568 887 1622 enirn
936 1571 1114 1635 patula
1163 1570 1336 1620 solum
1384 1570 1594 1620 esculus

1383 1651 1591 1715 [umbra

164 1797 181 1816 *
211 1785 242 1836 ΪΞ
262 1809 319 1836 un
337 1797 443 1836 altro
464 1796 639 1846 gioiello
660 1795 770 1834 della
791 1795 938 1845 poesia
958 1794 1234 1844 pontaniana.
1260 1794 1306 1833 In
1328 1795 1481 1843 questa
1501 1793 1661 1843 egloga

61 1864 303 1911 Antiniana,
335 1863 560 1903 all’ombra
589 1863 631 1902 di
662 1874 719 1901 un
741 1861 933 1901 avellano
954 1861 1188 1912 (Corylus),
1210 1863 1332 1899 canta
1351 1871 1374 1898 e
1394 1871 1520 1898 narra
1540 1871 1660 1899 come

62 1942 148 1970 una
165 1930 281 1969 volta
298 1930 454 1969 Amore
472 1929 588 1969 fosse
608 1928 718 1968 dalle
739 1928 856 1967 ninfe
875 1928 1019 1978 legato
1035 1939 1058 1966 e
1073 1927 1290 1977 spogliato
1311 1926 1419 1965 delle
1439 1937 1514 1965 sue
1536 1926 1657 1972 armi,

60 2009 82 2036 e
111 2008 231 2037 come
248 1996 436 2036 Ariadna
455 1996 672 2046 (Adriana,
695 1996 735 2034 la
755 1995 914 2044 moglie
943 1994 1011 2033 del
1033 1995 1243 2040 Pontano,
1275 2005 1395 2032 come
1415 1993 1449 2032 si
1470 1992 1492 2032 e
1514 2004 1658 2042 prece-

60 2064 326 2103 dentemente
347 2063 584 2113 avvertito)‚
615 2073 853 2101 accorresse
884 2061 962 2100 alle
992 2061 1118 2110 grida
1145 2060 1188 2100 di
1216 2060 1276 2099 lui
1306 2071 1381 2110 per
1409 2059 1605 2099 aiutarlo.
1628 2059 1658 2098 11

61 2130 224 2179 piccolo
247 2129 331 2168 Dio
351 2128 538 2169 scambia
557 2128 745 2168 Ariadna
764 2140 845 2167 con
865 2129 1028 2166 Venere
1048 2139 1070 2166 e
1093 2127 1229 2166 riceve
1250 2126 1304 2165 da
1324 2137 1418 2165 essa
1437 2125 1529 2164 baci
1550 2137 1572 2164 e
1592 2137 1658 2164 ca-

59 2207 190 2242 rezze,
212 2196 289 2234 che
316 2196 441 2235 crede
470 2194 580 2234 della
610 2195 785 2244 propria
807 2194 966 2232 madre.
992 2193 1021 2232 ll
1045 2193 1255 2239 Pontano,
1279 2192 1370 2231 dice
1390 2191 1417 2230 il
1439 2191 1654 2241 Gaspary,

57 2274 81 2301 a
110 2262 334 2312 proposito
365 2262 407 2300 di
436 2261 753 2312 quest'egloga‚
785 2260 807 2299 e
844 2272 931 2299 uno
961 2260 1029 2298 dei
1061 2259 1187 2308 pochi
1218 2259 1332 2308 poeti
1361 2258 1438 2297 che
1467 2258 1654 2297 abbiano

61 2332 231 2368 cantato
259 2329 300 2368 la
328 2328 502 2378 moglie,
532 2340 569 2375 e,
591 2327 657 2367 cio
686 2327 762 2366 che
792 2327 812 2365 ὲ
843 2327 1035 2376 pii1‚con
1065 2326 1226 2365 slancio
1255 2337 1277 2364 e
1298 2325 1466 2371 ardore,
1499 2324 1654 2374 perche

65 2407 141 2445 per
160 2395 219 2434 lui
250 2396 400 2435 rimase
419 2406 587 2445 sempre
615 2395 800 2433 l'amata.
823 2393 988 2439 Questo
1009 2404 1080 2432 era
1101 2393 1233 2432 allora
1255 2403 1330 2442 per
1349 2392 1388 2430 la
1418 2392 1564 2441 poesia
1595 2403 1651 2430 un

60 2465 316 2512 argomento
346 2473 507 2508 nuovo,
548 2460 701 2511 poiche
729 2461 756 2499 il
787 2461 901 2499 culto
939 2460 1130 2499 dell’arte
1161 2470 1331 2509 pagana
1369 2459 1656 2498 riconduceva

56 2528 306 2567 dall'amore
327 2528 492 2567 mistico
522 2527 736 2577 platonico
759 2526 796 2565 al
818 2526 1038 2565 naturale:
1070 2525 1204 2564 anche
1232 2525 1259 2563 il
1290 2525 1565 2564 matrimonio
1594 2525 1655 2563 di-

54 2606 190 2633 venne
220 2595 404 2644 poetico.
435 2594 584 2633 Poesie
614 2594 656 2632 di
678 2593 734 2632 tal
754 2604 911 2642 genere
939 2603 1049 2632 sono
1079 2592 1185 2641 oggi
1208 2603 1283 2640 per
1304 2591 1346 2630 lo
1378 2591 1450 2640 piu
1481 2591 1645 2637 fredde,

58 2661 211 2710 perche
229 2661 365 2701 simile
386 2660 536 2700 affetto
557 2660 731 2710 rifugge
751 2659 862 2698 dalla
884 2658 1131 2708 pubblicita.
1153 2688 1161 2696 .
1183 2688 1191 2697 .
1216 2658 1352 2697 L’arte
1372 2658 1544 2697 classica
1565 2669 1651 2697 non

56 2739 237 2768 conosce
266 2729 449 2778 ritegno,
487 2730 777 2777 rappresenta‚
810 2726 943 2765 anche
972 2726 1013 2764 in
1045 2729 1197 2775 questo
1227 2736 1340 2772 caso,
1371 2725 1411 2764 la
1440 2725 1551 2764 bella
1580 2737 1654 2764 na-

56 2796 149 2832 tura
177 2804 303 2832 senza
331 2793 537 2843 riguardo
567 2803 590 2831 e
618 2793 658 2831 la
686 2791 816 2832 esalta
848 2791 958 2830 nella
978 2802 1055 2830 sua
1084 2794 1197 2830 casta
1227 2801 1423 2841 purezza,
1455 2790 1531 2829 che
1561 2802 1647 2829 non

54 2857 294 2907 abbisogna
322 2858 364 2896 di
393 2859 489 2897 veli.
513 2890 519 2896 .
544 2889 550 2896 .
586 2857 613 2896 Ε
643 2855 729 2896 cosi
760 2856 798 2895 la
823 2867 1007 2904 pensava
1037 2856 1169 2894 anche
1200 2855 1226 2893 il
1259 2855 1586 2896 Rinascimeuto.
1607 2885 1614 2892 .
1638 2886 1644 2892 .

164 2925 371 2975 L’egloga
399 2925 420 2964 ὲ
450 2926 643 2964 dedicata
672 2924 709 2963 al
739 2924 982 2962 Sannazaro
1016 2923 1184 2973 (Actias
1212 2923 1460 2972 sincerus).
