2002 3161
611 186 870 237 Giovatmi
904 185 1138 234 Pontano
1568 179 1664 227 223

693 471 1046 523 MELISEUS*

228 574 271 623 Α
309 572 469 631 QUO
507 569 761 623 UXORIS
797 567 989 620 MORS
1028 564 1514 618 DEPLORATUR.

769 694 870 745 (Ecl.
903 694 968 744 11).

201 780 546 831 Collocatores
589 776 868 826 Ciceriscas
905 778 952 824 et
986 775 1256 823 Fabamas
1287 775 1538 836 pastores.

81 878 159 928 Ci.
201 877 299 925 Hic
335 874 520 924 cecinit
558 873 802 922 Meliseus
839 874 889 920 et
925 871 1038 919 haec
1074 883 1290 933 quoque
1328 869 1478 931 signa
1504 866 1596 917 do-

832 959 837 964 “
1459 949 1601 1012 [loris

211 1038 387 1088 Servat
406 1035 579 1086 adhuc
599 1034 833 1097 corylus:
866 1052 887 1076 «
911 1031 1029 1081 Vidi
1052 1034 1140 1080 tua
1160 1031 1360 1090 funera,
1381 1030 1599 1088 coniux;

212 1120 350 1177 Non,
389 1133 421 1167 o
460 1131 567 1166 non
606 1116 731 1178 perii
751 1130 805 1172 »3
842 1128 1088 1176 caesoque
1125 1113 1175 1161 in
1203 1112 1394 1161 cortice
1432 1112 1602 1174 signat

212 1200 476 1263 Populus:
518 1197 642 1246 «Ah
681 1196 911 1245 moriens
948 1195 1274 1253 morientem,
1312 1192 1555 1252 Ariadna,

1270 1275 1537 1338 [relinquis
1558 1293 1601 1322 ».

78 1363 168 1412 Fa.
207 1361 308 1411 Pro
345 1361 561 1419 facinuS‚
600 1360 871 1408 tantumne
897 1356 1006 1416 tibi,
1034 1356 1259 1415 Melisee,
1299 1355 1591 1405 dolorum?
1648 1366 1666 1398 ⁵

214 1442 313 1493 Cui
335 1441 498 1491 modo
519 1440 889 1503 convallesque
912 1453 1052 1488 cavae
1075 1438 1344 1500 saltusque
1365 1437 1602 1500 querenti

212 1522 545 1577 Reddebant:
590 1542 611 1566 «
637 1521 763 1570 Mihi
800 1522 865 1583 te,
893 1520 1012 1583 quis
1038 1522 1087 1568 te
1114 1518 1254 1578 mihi,
1286 1518 1602 1581 Phosphori,

1317 1598 1604 1663 '[ademit‘?

207 1686 259 1737 O
280 1701 501 1745 mecum,
530 1700 562 1734 o
590 1685 785 1743 salices,
816 1698 1023 1732 mecum
1053 1697 1085 1732 o
1112 1683 1301 1746 lugete,
1329 1682 1538 1744 myricae
1562 1700 1602 1730 ».

81 1768 160 1818 ci.
197 1768 314 1817 Vox
351 1766 418 1815 illi
455 1765 789 1830 gemitusque
826 1766 1016 1814 sonant
1053 1761 1334 1822 Ariadnam
1373 1765 1421 1811 et
1458 1765 1604 1811 antra

211 1849 541 1911 Responsant
577 1845 871 1903 Ariadnam
899 1845 968 1894 ibi
996 1844 1333 1894 miserabilis:
1367 1863 1388 1888 «
1414 1843 1557 1892 Eheu
1633 1855 1671 1885 ιο

183 1986 200 2003 *
227 1985 404 2025 Meliseo
433 1985 512 2023 eil
544 1985 739 2023 Pontano
767 1987 919 2029 stesso,
959 1994 1080 2022 come
1119 1982 1153 2021 si
1192 1981 1215 2021 'e
1252 1981 1325 2031 gia
1363 1983 1582 2020 annotato.
1626 1981 1669 2018 In

0 2066 1 2084 1
80 2055 230 2102 questa
258 2054 551 2092 commovente
581 2051 740 2100 egloga
769 2050 855 2100 egli
887 2050 1044 2099 piange
1073 2049 1114 2088 la
1142 2051 1278 2088 morte
1315 2047 1427 2087 della
1455 2059 1533 2087 sua
1570 2047 1672 2086 ado-

82 2121 171 2156 rata
198 2117 384 2156 Ariadna
412 2116 648 2166 (Adriana),
670 2115 710 2155 la
733 2116 870 2165 prima
899 2115 1060 2164 moglie
1089 2114 1166 2153 che
1195 2114 1237 2153 lo
1258 2112 1387 2152 lascio
1416 2112 1585 2151 vedovo
1604 2111 1671 2150 nel

84 2186 197 2223 1491.
226 2183 319 2222 Alla
347 2195 424 2222 sua
452 2183 657 2222 memoria
677 2182 763 2232 egli
786 2193 941 2229 eresse,
965 2184 1139 2221 accanto
1162 2180 1242 2220 alla
1263 2180 1438 2229 propria
1457 2190 1567 2225 casa,
1588 2190 1673 2217 una

82 2250 274 2300 cappella
292 2250 368 2289 che
389 2249 554 2289 adorno
575 2261 654 2289 con
677 2261 778 2288 cura
798 2260 996 2288 amorosa
1015 2260 1037 2287 e
1057 2248 1168 2287 nella
1188 2247 1329 2297 quale,
1352 2247 1456 2296 ogni
1477 2257 1590 2284 mese
1609 2256 1674 2284 ce-

80 2317 252 2356 lebrava
269 2316 610 2366 religiosamente
629 2316 669 2355 la
688 2315 1100 2354 commemorazione
1121 2314 1163 2353 di
1184 2314 1252 2352 lei.
1277 2313 1305 2352 Il
1329 2315 1454 2362 poeta
1484 2311 1669 2365 passera,

83 2383 155 2432 poi
184 2394 207 2421 a
235 2382 419 2421 seconde
447 2393 579 2421 nozze
607 2393 688 2421 con
709 2381 750 2420 la
770 2382 976 2420 ferrarese
996 2380 1139 2427 Stella,
1162 2391 1184 2418 e
1204 2379 1244 2418 la
1263 2377 1432 2418 cantera
1451 2389 1530 2416 con
1559 2380 1672 2416 tene·

83 2460 203 2488 rezza
233 2449 489 2497 passionata,
521 2448 613 2487 anzi
643 2447 864 2493 sensuale3
895 2458 963 2485 ma
990 2446 1261 2495 l‘immagine
1290 2456 1385 2483 cara
1414 2444 1456 2482 di
1485 2443 1671 2482 Ariadna

83 2514 178 2554 sara
217 2525 384 2564 sempre
421 2514 591 2552 dinanzi
626 2514 842 2552 all'anima
878 2524 968 2552 sua.
1009 2513 1096 2558 Qui
1136 2513 1175 2551 la
1214 2511 1357 2550 rivede
1394 2511 1554 2549 intenta
1591 2510 1670 2549 alle

87 2581 244 2629 piccole
272 2581 472 2620 faccende
501 2580 778 2625 domestiche,
809 2579 920 2618 nella
948 2590 1049 2618 cura
1078 2579 1144 2617 de'
1177 2578 1289 2622 suoi,
1319 2588 1396 2617 sua
1430 2587 1671 2626 compagna

84 2647 194 2686 nella
208 2647 486 2686 coltivazione
502 2646 569 2686 del
585 2646 800 2696 giardino.
820 2646 934 2685 Cuce
954 2657 976 2684 e
992 2648 1136 2684 canta:
1156 2645 1196 2683 la
1218 2644 1398 2683 rondine
1414 2643 1452 2682 le
1469 2643 1672 2693 risponde

85 2713 153 2752 dal
182 2716 300 2759 tetto,
330 2716 490 2752 mentre
518 2713 556 2752 le
585 2712 801 2752 tortorelle
830 2712 867 2751 le
896 2712 1128 2751 scherzano
1159 2711 1360 2750 dintorno
1389 2722 1411 2749 e
1439 2709 1672 2750 attendono

85 2778 112 2817 il
142 2780 251 2819 cibo.
283 2780 490 2829 L'egloga
519 2779 551 2818 si
582 2779 736 2818 chiude
764 2790 842 2817 con
873 2779 1090 2828 l'augurio
1119 2777 1186 2816 dei
1215 2777 1298 2815 due
1330 2776 1488 2826 pastori
1519 2775 1673 2815 Ciceri-

86 2856 157 2884 sco
186 2857 209 2885 e
238 2846 455 2894 Faburno‚
487 2846 643 2894 ch’egli
675 2856 801 2894 possa
821 2845 913 2884 cioe
942 2845 1021 2883 ben
1057 2847 1198 2893 presto
1228 2847 1395 2882 trovare
1423 2842 1621 2883 conforto
1650 2854 1672 2880 e

86 2910 253 2951 felicita.
