2002 3161
686 222 863 285 [acopo
897 222 1197 274 Sannazaro
1644 228 1732 278 167

148 347 221 397 Te
259 350 404 410 pater
439 347 644 412 irriguis
680 346 829 397 audit
866 347 1127 400 Sebethus
1164 349 1214 398 in
1252 350 1428 411 antriS,

204 428 383 491 Jurgia
417 427 482 477 ad
520 428 748 492 ingratas
785 428 913 478 dum
949 429 1078 494 jacis
1114 430 1226 493 ipse
1261 429 1417 481 fores.

147 508 269 558 lnde
303 523 461 559 vocas
496 523 701 559 sacrum
738 509 897 561 festas
938 511 1284 575 Hymenaeon
1312 511 1377 561 ad
1405 526 1534 572 aras,

210 590 391 653 Optati
428 591 657 642 referens
693 591 908 642 foedera
944 593 1210 659 conjugii:
1688 607 1733 638 ⁵0

145 670 319 735 thue
355 672 457 723 tuis
493 673 721 735 primum
759 688 985 738 surgens
1023 674 1389 738 complexibus
1427 689 1573 734 uxor,

207 753 328 804 Visa
365 754 428 803 sit
465 757 642 817 erepta
678 755 976 819 virginitate
1014 757 1178 820 queri.

145 835 295 895 Felix,
334 836 421 899 qui
460 835 600 887 fidos
635 840 880 900 expertus
918 839 1165 903 conjugis
1202 839 1367 903 igneS,

208 916 394 967 Vidisti
433 918 635 968 sobolis
673 919 903 983 pignora
939 922 1080 970 certa
1116 923 1261 970 tuae:

141 997 528 1062 Naeniolasque
565 998 724 1049 rudes
763 1001 1020 1060 cecinisti,
1057 1004 1108 1051 et
1144 1001 1338 1052 blanda
1374 1004 1604 1065 parentis
1694 1015 1733 1047 ⁵5

205 1078 419 1139 Oscula,
457 1083 506 1129 et
543 1080 609 1130 ad
647 1095 812 1132 cunas
849 1097 1120 1132 murmura
1156 1085 1278 1133 nata
1315 1097 1452 1135 suas.

142 1160 293 1219 Felix,
330 1161 593 1211 excultum
631 1163 781 1212 torsit
819 1178 954 1227 quae
995 1164 1192 1214 Fannia
1228 1167 1434 1224 vatem;

206 1240 464 1305 Quaeque
502 1241 569 1291 illi
608 1257 830 1306 regnum
869 1243 1130 1294 Cinnama
1167 1244 1446 1308 subripuit.

139 1323 397 1382 Quamvis
434 1322 633 1374 dissidii
674 1325 816 1389 leges
853 1327 1118 1389 patiantur
1154 1341 1373 1387 amaras,

204 1403 528 1467 Spectabunt
564 1406 767 1456 cineres
804 1421 999 1457 nomen
1039 1407 1232 1458 habere
1268 1423 1410 1459 suos
1687 1423 1731 1453 eo

140 1485 346 1535 Eridani
385 1490 507 1549 post
543 1487 671 1537 haec
708 1488 800 1537 sed
839 1491 888 1538 te
925 1489 1046 1553 quis
1082 1489 1260 1539 credat
1296 1489 1362 1539 ad
1389 1505 1597 1540 amnem

206 1566 441 1630 Populea
478 1583 635 1619 canas
671 1569 861 1620 fronde
898 1570 1087 1634 ligasse
1113 1571 1337 1622 comas?

141 1650 200 1699 Et
239 1650 448 1701 Stellam
485 1653 750 1713 cecinisse,
789 1655 946 1717 atque
984 1654 1304 1717 impendisse
1331 1654 1595 1718 querelas;

205 1731 537 1794 Spectandos
574 1748 738 1797 quum
777 1734 883 1798 jam
919 1734 1003 1783 vix
1040 1734 1187 1784 daret
1225 1735 1308 1784 illa
1333 1734 1529 1798 pedes:

140 1812 474 1877 Bajanosque
511 1814 673 1873 sinus,
712 1817 1036 1879 myrtetaque
1073 1817 1288 1881 cognita
1312 1817 1589 1881 NymphiS,
1684 1831 1725 1861 ⁶⁵

203 1895 501 1961 Clausaque
537 1898 835 1961 sulphureis
872 1902 1019 1949 antra
1055 1914 1271 1950 recurva
1297 1901 1462 1966 jugis:

139 1977 275 2027 Tum
314 1978 574 2041 Superum
612 1979 839 2040 laudem,
877 1982 1143 2045 mutisque
1181 1982 1342 2033 incisa
1379 1983 1632 2046 sepulcris

203 2058 449 2119 Nomina,
487 2060 751 2123 collapsos
786 2064 836 2111 et
872 2077 1114 2125 reparare
1140 2077 1332 2128 rogos:

245 2294 290 2334 V.
319 2296 388 2334 57.
422 2295 581 2335 Fannia
609 2296 632 2335 e
660 2296 699 2336 la
728 2296 928 2337 fanciulla
948 2301 1113 2338 cantata
1142 2300 1256 2350 negli
1277 2301 1607 2351 Endecasyllabi
1622 2315 1637 2347 ‚·
1660 2301 1732 2350 pisi

136 2362 265 2406 sotto,
295 2360 436 2408 Stella,
467 2361 508 2400 la
535 2363 722 2402 seconda
750 2363 910 2413 moglie
930 2363 997 2402 del
1029 2369 1181 2413 poeta:
1203 2366 1243 2406 la
1264 2367 1400 2416 prima
1420 2377 1491 2406 era
1519 2368 1730 2416 Ariadna,

140 2427 330 2466 metatesi
360 2428 403 2466 di
432 2427 634 2468 Adriana.

246 2493 290 2532 V.
320 2494 391 2532 65.
423 2494 695 2546 Basanosqae
719 2498 852 2545 sinus,
879 2501 956 2537 etc.
978 2498 1132 2538 Allude
1152 2499 1231 2538 alle
1251 2499 1415 2539 famose
1434 2499 1609 2549 Baiane,
1633 2512 1733 2550 poe-

137 2559 197 2598 sie
225 2559 606 2601 voluttuosissime.

244 2624 290 2664 V.
321 2626 389 2665 67.
425 2626 527 2665 Tum
555 2626 760 2677 Superum
792 2629 969 2678 laudem,
1006 2631 1234 2680 multisque
1270 2632 1406 2672 incisa
1433 2633 1700 2683 sepulcris..
1721 2664 1730 2672 .

137 2689 327 2740 Denique
362 2692 712 2743 Pindaricosque,
751 2697 828 2734 etc.
873 2695 887 2733 l
924 2695 1049 2735 libri:
1092 2696 1157 2735 De
1194 2697 1408 2737 Laudibus
1439 2699 1600 2738 divinis
1616 2714 1631 2745 ,·
1669 2699 1734 2738 De

141 2757 354 2806 Tumulis;
383 2760 510 2810 Lyra,
540 2771 590 2799 su
619 2760 658 2799 le
686 2772 804 2801 orme
833 2763 874 2801 di
906 2763 1092 2803 Pindaro
1121 2776 1143 2802 e
1173 2764 1215 2802 di
1237 2764 1410 2813 Arione,
1442 2766 1561 2805 lii-ico
1590 2778 1613 2805 e
1641 2777 1731 2804 mu-

137 2823 225 2862 sico
256 2835 384 2874 greco
414 2826 457 2864 di
487 2826 694 2865 Metimno
723 2827 823 2866 nell’
842 2829 949 2868 isola
979 2829 1020 2868 di
1053 2829 1204 2877 Lesbo,
1228 2830 1374 2871 fiorito
1393 2844 1518 2872 verso
1548 2833 1575 2872 il
1595 2834 1672 2872 620
1691 2843 1728 2871 a.

138 2888 189 2927 C.
218 2889 280 2928 Va
307 2893 421 2930 sotto
449 2891 478 2929 il
506 2902 586 2931 suo
614 2903 741 2931 nome
759 2904 815 2932 un
838 2894 943 2933 inno
964 2906 987 2933 a
1009 2894 1214 2943 Nettuno‚
1236 2902 1487 2937 conservato
1507 2899 1562 2938 da
1583 2898 1731 2937 Eliano

137 2955 205 3005 (V.
234 2955 433 2997 Analecta
462 2958 504 2996 di
536 2958 753 3009 Brunck.).
