2002 3161
576 117 754 179 lacopo
788 114 1087 165 Sannazaro
1544 120 1635 169 159

107 243 310 293 Volvite
347 241 698 305 praecipitem,
725 255 840 290 mea
865 241 994 300 licia,
1020 241 1209 290 volvite
1235 240 1538 291 rhombum.
1587 255 1630 288 35

42 325 173 388 Alga
209 324 300 373 tibi
338 323 464 372 haec
500 322 951 385 primum-tumidi
990 323 1303 386 purgamina
1352 324 1499 384 ponti

42 405 329 469 Spargitur,
365 406 416 453 et
450 402 646 466 rapidis
683 403 985 453 absumitur
1021 403 1166 452 arida
1202 403 1454 452 flammis:

42 485 124 536 Sic
162 486 285 534 mihi
323 485 412 544 sie,
449 485 657 543 Maeon‚
697 484 861 534 uraris
898 483 963 533 ad
1002 498 1170 547 usque
1208 483 1478 534 medullas.

107 567 308 616 Volvite
346 565 684 629 praecipitem
720 566 826 630 Jam
864 580 1022 625 nunc,
1061 580 1177 615 mea
1213 565 1344 625 licia,
1393 566 1565 615 rhom-

1373 646 1535 710 [bum.
1594 658 1636 690 ⁴0

42 730 143 779 Ter
179 743 437 788 muscum,
475 727 743 787 Clearista‚
790 730 866 778 ter
902 728 1044 777 hunc
1081 728 1192 777 sine
1228 727 1427 791 forcipe
1453 743 1568 778 can-

1405 810 1569 874 [crum

40 893 146 943 Ure
183 891 353 950 simul,
391 904 619 954 cumque
655 889 751 949 his,
791 889 890 949 dic,
926 890 1123 939 viscera
1161 891 1398 940 Maeonis
1435 906 1548 940 ur0.

0 1025 2 1047 y
103 972 306 1021 Volvite
343 971 696 1034 praecipitem,
735 985 850 1019 mea
888 971 1018 1029 licia,
1044 971 1234 1020 volvite
1260 971 1562 1021 rhombum.

0 1052 2 1082 l
39 1053 273 1117 Spongia
300 1067 442 1102 nunc
468 1052 692 1102 lacrimis
718 1051 1066 1114 perfunditur.
1094 1052 1242 1103 Heus
1278 1052 1421 1102 bona
1458 1069 1562 1102 ma-

1436 1135 1562 1199 [gno

38 1215 272 1279 Spongia
308 1218 428 1264 nata
464 1215 607 1274 mari,
645 1215 883 1265 lacrimas
920 1214 1042 1264 bibe
1078 1213 1260 1265 sedula
1297 1218 1517 1266 nostras.
1589 1227 1629 1259 ⁴5

37 1298 214 1361 thue
251 1298 390 1360 rapis
428 1297 607 1347 sitiens
644 1297 770 1356 illas,
807 1298 880 1347 sic
919 1298 1157 1347 Maeonis
1195 1311 1408 1347 omnem

38 1377 276 1427 Maeonis
314 1378 501 1441 ingrati
540 1378 710 1440 rapias
748 1377 813 1427 de
850 1381 1063 1441 pectore
1101 1392 1330 1427 sensum.

101 1459 304 1508 Volvite
341 1459 677 1522 praecipitem
713 1460 817 1524 jam
857 1474 1016 1519 nunc,
1056 1474 1172 1509 mea
1214 1460 1343 1518 licia,
1393 1460 1564 1510 rhom-

1399 1540 1562 1604 [bum.

36 1621 108 1671 Ut
144 1636 336 1684 pumex
373 1622 683 1686 pinguescit,
721 1625 778 1671 ut
815 1623 1059 1686 aequoris
1102 1622 1247 1672 unda
1283 1624 1518 1686 quiescit,

37 1705 189 1764 Quae
224 1707 389 1756 ventis
426 1707 632 1770 agitata,
670 1706 773 1755 huc
811 1706 930 1755 illuc
967 1707 1171 1756 concita
1207 1706 1383 1756 fertur.
1585 1719 1629 1752 50

36 1786 138 1839 Sed
176 1786 302 1851 quid
338 1802 439 1851 ego
476 1788 578 1837 heu
615 1788 743 1837 tristi
780 1790 963 1850 pectus
1000 1803 1259 1838 concussa
1295 1788 1479 1838 dolore

36 1870 305 1932 lmprecer‚
342 1872 392 1918 et
427 1869 576 1919 vanis
612 1869 802 1933 jactem
841 1870 1077 1919 convicia
1112 1869 1319 1919 ventis?

35 1950 225 1999 Maeon
262 1951 339 1998 tot
375 1949 499 1999 mihi
538 1948 746 2008 damna,
784 1963 886 2013 ego
925 1950 1133 2000 Maeoni
1169 1950 1328 2000 verba
1376 1965 1556 2013 repen-

1382 2031 1560 2096 [dam?

100 2111 303 2161 Volvite
340 2112 691 2174 praecipitem,
728 2126 843 2161 mea
878 2112 1009 2171 licia,
1046 2112 1235 2162 volvite
1261 2113 1561 2164 rhombum.

38 2193 158 2242 Huc
193 2193 312 2252 huc,
349 2193 437 2256 qui
475 2192 642 2257 rigida
679 2192 943 2243 meditaris
979 2193 1193 2243 vulnera
1231 2194 1414 2253 cauda,
1585 2206 1627 2239 55

35 2275 195 2326 Saeve
233 2275 449 2339 Trigon‚
486 2279 536 2325 et
572 2279 645 2335 tu,
684 2277 958 2338 proprium
996 2277 1077 2325 cui
1117 2277 1296 2326 sistere
1335 2292 1492 2327 naves

35 2355 300 2414 VeliferaS,
336 2356 625 2415 echenaeis,
663 2356 866 2406 adeste:
904 2359 953 2405 et
990 2357 1229 2406 Maeonis
1265 2371 1409 2406 acres

35 2437 116 2486 Tu
153 2437 371 2486 retinere
407 2436 583 2499 pedes,
621 2440 676 2486 tu
714 2437 877 2501 figere
915 2437 1079 2486 corda
1117 2438 1314 2487 labora.

98 2518 302 2567 Volvite
316 2519 651 2581 praecipitem
671 2519 778 2582 jam
794 2533 951 2577 nunc,
971 2533 1084 2568 mea
1105 2519 1234 2577 licia,
1260 2519 1561 2569 rhombum.

38 2599 226 2650 Tunde
261 2600 422 2664 jecur,
461 2614 811 2664 spumamque
849 2600 1002 2650 simul
1040 2599 1332 2661 torpedinis
1368 2604 1522 2651 atrae.
1584 2615 1629 2646 00

38 2680 182 2730 Haec
217 2695 318 2744 ego
356 2695 470 2731 cras
507 2681 573 2730 illi
613 2681 782 2730 letalia
819 2681 1010 2744 pocula
1048 2681 1273 2730 mittam:

39 2760 241 2820 Ebibat‚
278 2764 328 2811 et
364 2761 541 2811 subito
579 2761 830 2824 pallentes
867 2763 1072 2823 torpeat
1108 2763 1265 2810 artuS.

101 2842 303 2894 Volvite
339 2843 690 2906 praecipitem,
728 2858 842 2894 mea
878 2844 1007 2902 licia,
1043 2843 1232 2893 volvite
1258 2843 1558 2894 rhombum.
