2002 3161
867 1386 932 1420 IV.

729 1509 1063 1564 NUTRICIA

97 1704 205 1753 Stat
240 1705 391 1751 vetus
428 1704 477 1750 et
514 1700 658 1749 nullo
696 1699 775 1748 lex
811 1697 1079 1746 interitura
1115 1695 1213 1744 sub
1252 1709 1364 1743 aevo

98 1786 375 1850 (Divorum
415 1785 571 1845 atque
609 1781 884 1830 hominum
923 1791 1146 1827 concors
1184 1775 1362 1825 incidit
1400 1777 1449 1825 in
1488 1790 1617 1825 auro

97 1866 298 1917 Scilicet
335 1864 468 1913 hanc
505 1862 704 1911 Natura
740 1874 954 1923 parens;
993 1858 1214 1907 dictasse
1250 1857 1488 1905 feruntur

98 1948 345 1996 Fatorum
383 1943 622 1993 consulta
660 1942 888 1999 Themis,
927 1940 1196 2002 solersque
1233 1937 1392 1986 futuri

96 2027 351 2077 Nondum
389 2039 639 2074 caucasea
675 2022 874 2086 pendes
911 2020 975 2070 de
1012 2036 1141 2083 rupe
1179 2018 1561 2080 Prometheus),

98 2109 235 2168 Quae
272 2110 450 2171 gratos
488 2104 696 2155 blandae
722 2104 900 2153 officio
928 2102 1142 2151 nutricis
1179 2101 1422 2150 alumnos

98 2191 221 2239 Esse
258 2188 419 2252 jubet,
457 2187 785 2250 longumque
821 2185 906 2247 pia
943 2182 1181 2232 mercede
1217 2181 1451 2230 laborem

98 2272 301 2329 Pensat,
338 2272 388 2319 et
424 2268 649 2318 emeritis
685 2266 916 2316 cumulat
954 2263 1269 2327 compendia
1306 2262 1458 2311 curis.

99 2353 235 2402 Hinc
273 2351 421 2400 italos
459 2349 682 2412 phrygio
720 2348 942 2410 signavit
979 2346 1192 2395 nomine
1229 2346 1430 2406 portuS‚

99 2432 295 2497 Cajetae
333 2445 550 2488 memor,
589 2429 799 2478 AEneas:
840 2428 959 2476 hinc
997 2426 1126 2475 urbe
1164 2424 1369 2482 Quirini
1650 2434 1688 2464 ιο

99 2514 288 2562 Annua
324 2513 583 2561 cinctutos
620 2508 891 2559 nudabant
928 2508 1057 2557 festa
1095 2507 1363 2568 lupercos:

208 2682 251 2721 V.
283 2682 332 2720 10
359 2692 457 2730 sgg.
502 2679 661 2725 Caieta,
684 2678 846 2717 nutrice
868 2677 909 2716 di
932 2677 1070 2722 Enea3
1102 2675 1206 2713 feste
1236 2672 1437 2722 lupercali
1469 2672 1687 2710 rinnovate

99 2747 141 2786 in
171 2747 306 2790 Roma
335 2746 389 2784 da
420 2744 600 2787 Romolo
630 2744 671 2782 in
702 2754 835 2781 onore
856 2741 966 2780 della
986 2742 1100 2789 lupa,
1133 2750 1210 2778 sua
1238 2737 1378 2783 balia3
1408 2737 1446 2775 le
1471 2736 1582 2786 Jadi,
1613 2746 1688 2773 nu-

100 2814 190 2853 trici
207 2814 249 2852 di
264 2814 414 2859 Bacco,
437 2811 538 2851 fatte
559 2809 846 2850 costellazioni
867 2809 908 2847 in
931 2807 1071 2846 fronte
1093 2806 1128 2844 al
1147 2810 1242 2844 toro
1263 2817 1271 2851 ;
1302 2805 1342 2843 la
1361 2815 1488 2853 capra
1509 2802 1686 2842 amaltea

98 2880 255 2931 (Olenia
282 2880 335 2918 da
364 2878 519 2925 Oleno,
542 2876 640 2917 citra
660 2876 770 2914 della
799 2875 969 2923 Beozia)
989 2874 1151 2912 nutrice
1172 2873 1213 2910 di
1245 2871 1398 2917 Giove,
1421 2874 1594 2911 assunta
1615 2881 1685 2908 an·

98 2946 263 2985 ch'essa
289 2945 332 2983 in
363 2943 468 2984 cielo
497 2954 616 2982 come
645 2940 963 2981 costellazione.
