2002 3161
601 245 777 307 Iacopo
812 243 1112 294 Satztzazaro
1565 246 1655 294 183

67 369 348 431 Explorant
385 368 572 432 digitis,
611 369 859 432 tenuique
896 369 1153 418 foramina
1189 383 1305 418 cera

65 448 380 508 Obducunt,
417 451 558 499 vario
597 449 932 499 modulantes
969 450 1198 499 carmina
1235 452 1419 499 cantu:

63 528 375 579 Auricomae
410 529 557 579 viridi
594 530 930 592 speculantur
966 530 1030 579 ab
1071 530 1182 579 ilice
1219 530 1495 593 Nymphae
1620 540 1659 571 2⁵

65 611 250 661 Dulcia
286 612 555 662 clarisonis
591 613 851 662 solventes
888 626 980 661 ora
1017 612 1310 661 cachinnis:

64 691 163 742 Sed
202 708 367 756 prope
402 694 534 743 ferre
561 694 748 756 pedem
777 697 1032 752 metuunt,
1059 709 1178 742 nam
1206 708 1361 756 saepe
1387 692 1593 742 labores

62 773 361 834 Audierant,
402 775 585 834 Penea,
624 780 762 834 tu05‚
798 779 848 824 et
884 775 1129 838 qualibus
1167 776 1291 824 olim

62 855 238 905 Infelix
273 856 405 905 eheu
443 856 605 920 Virgo
644 857 907 906 Nonacria
943 857 1075 915 fatis,

61 936 236 987 Infelix
272 937 434 1001 Virgo
474 938 620 1001 (quid
658 939 796 987 enim
837 953 943 986 non
983 938 1065 987 illa
1103 940 1334 986 moveret
1355 937 1397 999 P)
1613 947 1657 978 3⁶

60 1017 200 1067 Pana
237 1021 376 1067 metu
415 1018 622 1082 fugiens
659 1034 686 1067 e
722 1020 912 1068 vertice
951 1018 1220 1082 Cylleneo,

61 1100 200 1149 Pana
221 1099 391 1149 Deum
413 1099 679 1158 Arcadiae,
702 1101 940 1163 quamvis
962 1100 1326 1163 pulcherrima,
1349 1099 1587 1162 quamvis

59 1181 257 1230 Dianae
293 1195 470 1230 sacros
508 1181 640 1230 inter
676 1182 955 1231 lectissima
992 1184 1191 1239 coetuS,

58 1261 278 1312 Nodosa
313 1264 549 1311 tenerum
589 1262 800 1311 mutarit
836 1261 1093 1311 arundine
1131 1264 1330 1323 pectus.

57 1341 206 1400 Quas
242 1342 394 1392 simul
431 1357 491 1392 ac
528 1356 804 1392 nemorum
843 1342 1098 1405 petulanS,
1136 1342 1470 1404 effraenaque

1334 1422 1522 1486 [pubes
1614 1433 1655 1465 ³⁵

57 1504 289 1555 Semiferi
327 1505 501 1555 videre
540 1520 631 1568 per
669 1505 887 1555 herbida
925 1509 1072 1567 prata
1108 1508 1389 1568 vagantes;

55 1585 441 1650 Occultamque
478 1587 594 1636 imis
631 1587 898 1636 flammam
938 1590 1136 1636 traxere
1174 1585 1443 1634 medullis:

55 1666 137 1716 Sic
174 1667 382 1718 timidas
419 1667 627 1718 blandis
664 1669 940 1717 hortantur
976 1668 1199 1717 vocibus
1237 1667 1406 1716 ultro:

0 1783 1 1802 i
119 1748 238 1798 Huc
275 1750 393 1808 huc,
432 1764 464 1799 o
502 1752 725 1808 tenerae,
763 1749 1118 1811 placidissima
1156 1748 1326 1806 turba,
1354 1747 1585 1810 puellae:

0 1814 1 1839 ³
52 1828 196 1887 Quid
233 1830 417 1892 procul
454 1829 713 1880 adstatis?
751 1831 928 1893 potius
966 1829 1232 1879 succedite
1269 1830 1427 1892 ripae,
1611 1841 1654 1872 ⁴0

53 1911 112 1960 Et
146 1911 294 1961 viridi
334 1912 383 1961 in
423 1915 572 1975 prato
611 1912 795 1961 molles
832 1911 897 1961 de
936 1926 1082 1961 more
1120 1910 1339 1961 choreas

52 1991 266 2042 Ducite:
305 1992 740 2057 quandoquidem
779 1994 1011 2043 calamos
1050 1992 1296 2042 inflamus
1335 1992 1550 2041 inertes:

51 2074 110 2123 Et
146 2074 336 2125 frustra
370 2075 436 2125 ad
474 2076 660 2126 surdas
696 2077 954 2141 Jactamus
991 2075 1222 2125 carmina
1259 2075 1427 2125 silvas.

52 2155 166 2205 lllae
203 2156 271 2205 nil
309 2160 514 2207 contra:
554 2158 704 2207 celeri
743 2157 834 2207 sed
875 2157 1017 2206 nuda
1055 2157 1309 2218 parabant

51 2236 218 2287 Crura
253 2237 425 2302 fugae,
462 2242 711 2302 tutosque
747 2238 1014 2302 agitabant
1052 2241 1224 2287 mente
1262 2240 1516 2299 receptuS‚
1609 2248 1651 2280 ⁴⁵

51 2318 210 2382 Siqua
245 2320 378 2370 forte
414 2322 548 2370 viam
588 2336 678 2383 per
715 2336 835 2370 saxa
873 2321 1174 2382 irrumpere,
1212 2323 1260 2368 et
1297 2319 1410 2368 altis

156 2518 199 2557 V.
230 2519 299 2557 29.
330 2519 487 2568 Infelix
515 2518 613 2558 eheu
643 2519 774 2568 Virgo
796 2518 1030 2564 Nonacria,
1061 2521 1125 2556 etc
1144 2548 1152 2555 .
1174 2548 1181 2555 .
1205 2547 1211 2554 .
1247 2515 1401 2562 Datne,
1441 2519 1580 2555 amata
1609 2527 1631 2554 e

47 2583 261 2634 insegnita
289 2585 344 2624 da
371 2585 543 2634 Apollo,
579 2584 651 2634 gia
677 2584 815 2623 vicina
844 2584 896 2623 acl
927 2594 1067 2623 essere
1098 2583 1342 2632 raggiunta,
1374 2582 1420 2621 fu
1451 2583 1505 2621 da
1523 2583 1635 2622 Zeus

47 2654 207 2690 mutata
234 2651 276 2690 in
306 2651 427 2690 lauro
456 2651 621 2701 (Ovid.‚
653 2651 755 2689 Met.
789 2651 817 2696 Ι,
850 2652 926 2690 452
954 2650 1095 2699 sgg.):
1142 2649 1327 2698 Siringa‚
1358 2648 1478 2688 ninfa
1513 2649 1637 2689 restia

46 2715 124 2755 alle
152 2716 296 2766 voglie
326 2717 369 2756 di
398 2717 526 2763 Pane,
557 2720 719 2755 mentre
747 2719 865 2755 stava
905 2727 981 2765 per
1016 2726 1154 2755 essere
1185 2726 1307 2764 presa
1337 2714 1636 2754 dall’arcadico

46 2781 199 2829 Nume,
230 2782 306 2821 che
335 2782 375 2821 la
405 2783 660 2828 rincorreva,
692 2781 737 2820 fu
769 2785 928 2820 mutata
957 2782 998 2820 in
1030 2792 1163 2820 canna
1195 2781 1380 2830 palustre
1410 2792 1485 2830 per
1504 2792 1635 2830 opera

45 2847 88 2886 di
117 2847 223 2895 Oea,
254 2849 367 2887 onde
394 2847 577 2898 Siringa
608 2848 652 2886 fu
683 2849 798 2887 detto
827 2849 854 2886 il
886 2848 1020 2887 flauto
1051 2849 1104 2885 da
1133 2847 1191 2885 lui
1223 2848 1454 2885 inventato.
1487 2846 1633 2886 Cilene

48 2915 134 2963 poi,
166 2916 271 2964 oggi
300 2916 439 2964 Zyria,
469 2915 491 2953 ὲ
521 2918 755 2963 montagna
795 2915 1037 2960 d'Arcadia,
1078 2914 1148 2963 gia
1187 2925 1304 2953 sacra
1342 2925 1365 2952 a
1403 2914 1631 2959 Mercurio,

48 2979 123 3019 che
151 2982 191 3019 vi
220 2992 291 3020 era
318 2985 433 3020 nato.
