2002 3161
245 199 342 247 218
677 194 828 244 Paeti
862 196 1110 246 amanisti
1142 199 1402 264 maggiori

378 323 610 385 Despicit
631 322 752 371 hinc
771 324 821 371 et
841 322 1003 372 oloris
1029 339 1247 374 avenam
1274 329 1325 375 et
1344 327 1574 376 carmina
1593 327 1764 390 cygni.

376 405 512 454 Tum
550 406 749 466 septem
789 403 969 453 nitidae
1018 410 1144 455 sunt
1192 411 1386 470 praesto
1434 407 1500 457 ad
1550 423 1766 458 munera

1480 489 1763 553 [nymphae‚

374 565 671 629 Sedulaque
698 565 891 615 Uranie
917 580 1127 616 scenam
1149 570 1305 630 atque
1326 569 1633 619 umbracula
1657 573 1763 620 ten-

1587 651 1696 715 [dit.
1789 662 1831 697 75

371 728 511 777 Illam
549 741 656 776 non
696 727 820 776 alias
858 727 1068 777 hederae
1105 730 1312 779 cinxere
1347 731 1572 781 virentes

370 809 572 872 AptiuS‚
611 811 700 858 aut
736 810 901 858 roseis
938 810 1128 859 insedit
1163 811 1338 861 fistula
1375 812 1532 862 labris
1545 829 1556 872 ;

369 889 514 948 Quin
551 905 804 940 numeros
846 891 1096 941 meditata
1130 894 1269 942 canit
1306 908 1443 943 nova
1479 895 1709 944 carmina

1576 977 1758 1040 [virgo.

781 1171 980 1210 POMPA
1009 1171 1290 1211 SEPTIMA*

334 1281 589 1329 Antiniana,
620 1280 880 1330 hymenaeum
903 1283 1131 1331 celebrans,
1157 1283 1351 1332 feliciter
1368 1284 1587 1323 ominatur
1601 1298 1618 1331 ‚·
1639 1285 1828 1324 iuvenum

233 1359 284 1387 ac
308 1349 551 1398 puellarum
581 1347 734 1387 chorus
762 1349 941 1395 recinit‚·
971 1350 1154 1389 Macron
1182 1362 1233 1389 ac
1269 1351 1479 1400 Lepidina
1515 1352 1827 1401 colloquantur.

231 1460 329 1509 An.
369 1459 538 1508 Dicite
576 1460 642 1518 io,
682 1460 914 1519 iuvenes,
956 1463 1006 1508 et
1043 1461 1093 1509 io
1131 1462 1412 1524 geminate,
1450 1462 1654 1525 puellae.

368 1541 638 1603 Hesperus
676 1540 917 1590 adveniet
954 1541 1129 1591 fausto
1167 1557 1288 1591 cum
1316 1543 1500 1602 sidere,
1527 1544 1759 1606 nimphae

367 1620 474 1679 Qui
501 1621 689 1670 referet
726 1622 1006 1681 thalamOS,
1043 1623 1133 1685 qui
1160 1624 1367 1673 vincula
1393 1627 1565 1673 nectat
1591 1640 1763 1674 aman-

1613 1707 1759 1771 [tum.

366 1785 534 1835 Dicite
572 1787 639 1845 io,
678 1787 911 1844 iuveneS,
948 1790 998 1836 et
1036 1787 1086 1836 io
1123 1788 1404 1851 geminate,
1443 1789 1644 1852 puellae.

235 1865 327 1915 Clz.
366 1866 630 1916 Dicimus:
670 1882 702 1916 o
741 1867 1045 1930 Hymenaee,
1085 1868 1135 1917 io
1175 1869 1400 1931 Hymen,
1440 1870 1746 1933 Hymenaee.
1807 1884 1826 1914 5

229 1949 328 1996 An.
369 1947 639 2011 Hesperus
677 1947 931 2008 adveniet,
971 1949 1098 1998 socii
1137 1951 1226 2012 qui
1265 1950 1466 2000 fcedera
1492 1951 1625 2011 lecti,

363 2029 469 2087 Qui
508 2032 699 2079 statuat
736 2030 894 2093 legeS‚
933 2031 1022 2093 qui
1062 2029 1289 2080 deducat
1327 2032 1692 2094 Hymenaeum.

363 2111 532 2160 Dicite
569 2110 634 2170 io,
673 2111 900 2169 iuveneS,
939 2113 988 2159 et
1025 2111 1074 2159 io
1111 2112 1387 2174 geminate,
1426 2113 1627 2174 puellae.

233 2193 324 2242 Clz.
363 2193 626 2241 Dicimus:
666 2206 697 2240 o
738 2192 1040 2255 Hymenaee,
1080 2193 1130 2241 io
1170 2192 1378 2252 Himen,
1420 2194 1721 2257 Hymenaee.

229 2276 328 2323 An.
368 2275 638 2336 Hesperus
675 2272 915 2322 adveniet
951 2274 1053 2322 cari
1092 2273 1392 2336 desponsor
1429 2276 1639 2333 amoris,
1785 2287 1825 2318 ¹0

362 2355 467 2413 Qui
507 2350 716 2405 teneros
754 2356 901 2405 lusus
937 2359 987 2405 et
1025 2359 1171 2405 muta
1206 2356 1401 2419 gaudia
1440 2360 1711 2406 monstret.

334 2528 351 2546 *
383 2517 413 2566 ῘΞ
440 2528 466 2566 l’
481 2528 641 2567 ultima.
675 2527 889 2576 Compare
925 2527 965 2566 la
1001 2527 1122 2565 ninfa
1156 2527 1399 2575 Antiniana,
1440 2528 1822 2577 personificazione

234 2594 301 2632 del
323 2595 644 2643 possedimento
666 2594 733 2632 nel
754 2594 954 2639 Vomer0‚
978 2593 1047 2632 del
1069 2593 1280 2632 Pontano.
1304 2594 1407 2633 Essa
1425 2595 1502 2633 che
1523 2595 1715 2643 respinse
1727 2595 1822 2633 tutti

230 2661 289 2710 gli
319 2662 474 2700 amanti
495 2673 517 2700 e
536 2662 631 2700 vive
652 2661 716 2699 col
737 2672 817 2700 suo
837 2660 1011 2699 vecchio
1032 2660 1210 2699 Meliseo
1235 2660 1279 2710 (il
1302 2661 1529 2712 Pontano),
1547 2664 1669 2701 canta
1687 2661 1823 2700 l'Ime-

229 2738 325 2773 neo,
356 2738 380 2765 a
408 2727 475 2765 cui
503 2727 543 2765 la
570 2727 674 2766 folla
703 2726 746 2765 fa
767 2738 883 2773 coro,
906 2727 1014 2765 bene
1034 2727 1290 2775 augurando
1311 2727 1391 2765 alla
1412 2728 1569 2776 coppia
1588 2727 1819 2773 fortunata,

228 2804 265 2838 e,
298 2792 620 2841 profetizzando
649 2805 734 2831 una
762 2792 920 2832 florida
949 2792 1245 2839 discendenza,
1266 2804 1449 2832 accenna
1469 2805 1493 2832 a
1509 2793 1592 2832 due
1611 2793 1820 2832 forestieri

228 2858 304 2896 che
333 2869 390 2896 un
421 2859 576 2907 giorno
607 2862 871 2908 poeteranno
899 2870 923 2897 a
952 2858 1109 2907 Napoli
1139 2858 1337 2908 (Virgilio
1357 2871 1379 2898 e
1410 2859 1637 2909 Pontano).
1662 2859 1821 2898 L’Ime-

229 2935 310 2963 neo
340 2928 572 2963 rammenta
600 2925 612 2963 i
646 2924 800 2964 famosi
830 2926 872 2964 di
903 2924 1088 2964 Catullo.
