2002 3161
614 191 875 241 Οἱοναηηὶ
908 190 1143 240 Pontano
1571 198 1664 245 237

81 318 244 377 Quod
283 318 436 367 nullae
474 318 680 367 invidiae
718 318 938 380 posthac
977 318 1026 365 in
1066 332 1244 378 amore
1282 318 1487 378 futurae,

144 400 415 463 Quodque
452 401 515 449 sit
551 403 599 448 et
636 402 835 448 certum
863 413 1089 462 quaeque
1128 398 1369 448 habitura
1407 404 1598 461 torum,

79 480 257 544 Sitque
294 481 447 529 etiam
486 480 658 530 nullos
695 479 906 528 tandem
945 494 1161 528 sensura
1199 479 1426 540 doloreS,

144 562 284 610 Dum
322 576 459 610 nova
495 565 691 610 mutata
728 564 867 610 sorte
905 562 954 609 in
995 575 1173 610 amore
1210 565 1324 610 rota
1361 566 1469 611 est:
1601 577 1664 609 100

83 662 103 686 «
127 643 279 692 Unus
305 657 467 701 amor,
496 657 588 693 sua
614 643 803 705 cuique
830 642 977 701 fides,
1001 642 1134 691 mala
1161 643 1349 705 philtra
1373 644 1596 704 valentO,

143 723 226 771 Nil
265 737 395 785 puer
431 723 527 781 hie,
567 738 674 786 quo
711 737 810 772 nos
847 722 1026 772 ludere
1064 724 1245 785 possit,
1286 724 1503 774 habet.»

74 803 140 852 At
176 819 319 866 puer,
359 807 414 852 ut
451 818 642 853 somno
679 805 878 853 excitus
915 819 1052 853 nova
1087 805 1295 854 vincula
1331 807 1508 865 sensit,

138 883 309 947 Atque
347 885 531 933 oculos
567 885 691 933 vitta
729 884 1085 946 praepediente
1121 887 1241 948 tegi,

74 964 286 1027 fletque
323 964 492 1023 simul,
530 965 823 1027 clamatque
859 965 1037 1014 simul:
1083 985 1104 1009 «
1128 966 1427 1028 Properate,
1455 981 1598 1016 soro-

1446 1049 1561 1113 [res,
1600 1061 1662 1093 105

135 1126 339 1175 Demite
376 1130 513 1175 texta
550 1128 731 1186 oculis,
770 1128 952 1177 solvite
988 1129 1157 1178 vincla
1196 1143 1384 1187 manu;

72 1207 207 1266 Heu,
246 1211 426 1267 mater,
465 1209 547 1258 cui
585 1224 668 1258 me
705 1209 944 1273 liquisti?
980 1209 1211 1260 Credula
1246 1213 1426 1269 mater,

135 1290 220 1338 Me
255 1290 406 1339 violae
443 1293 531 1339 aut
567 1291 715 1341 sertis
753 1291 1124 1353 posthabuisse
1151 1293 1340 1354 potes?

69 1371 288 1433 Ingratae
315 1370 571 1430 ChariteS,
610 1386 797 1422 somne
835 1372 1101 1432 insidiose,
1141 1388 1452 1437 nemusque,

133 1451 192 1500 Et
227 1452 326 1501 tela
362 1456 411 1502 et
449 1453 704 1515 pharetrae
742 1469 869 1503 num
908 1455 1107 1516 periere
1146 1455 1315 1504 meae?
1593 1468 1656 1499 110

68 1531 323 1593 Pastores,
359 1549 530 1598 genus
566 1535 805 1594 infidum,
844 1535 1127 1599 infidaeque
1164 1537 1394 1599 Napaeae,

132 1613 349 1666 Reddite
387 1631 529 1665 nunc
566 1631 731 1676 arcus,
770 1616 972 1666 reddite
1010 1618 1110 1666 tela
1148 1618 1300 1675 mihi;

65 1694 228 1753 Quod
255 1697 313 1755 si,
350 1712 469 1760 quae
505 1698 658 1747 vobis
696 1699 796 1747 iam
834 1699 936 1748 sint
974 1700 1230 1758 nocitura,
1268 1700 1475 1758 timetis,

129 1777 345 1830 Reddite
382 1794 501 1842 quae
538 1780 719 1829 saltem
759 1781 859 1830 sint
897 1781 1137 1830 nocitura
1175 1780 1301 1830 deis.
1331 1800 1352 1825 »

63 1859 206 1908 Talia
242 1875 334 1921 per
370 1861 608 1911 lacrimas
645 1862 790 1911 iterat
828 1877 973 1924 puer.
1014 1863 1144 1912 Ecce
1183 1877 1275 1925 per
1313 1863 1498 1912 hortos
1594 1875 1655 1906 115

128 1941 273 1990 Mota
310 1941 523 2004 quidem
562 1946 750 2006 questu
789 1944 970 2006 pulcra
1007 1942 1238 1992 Ariadna
1273 1945 1429 2003 venit,

63 2019 248 2078 Qualis
285 2037 404 2085 quae
441 2022 679 2072 fraudem
719 2027 930 2084 metuat,
969 2039 1090 2087 quae
1128 2024 1260 2074 ferre
1300 2024 1497 2074 dolenti

128 2101 345 2159 Quaerat
381 2119 553 2166 opem.
592 2104 665 2154 Sit
704 2120 860 2167 opem
900 2119 1120 2167 poscere
1158 2105 1352 2168 dignus
1391 2104 1569 2154 Amor.

66 2182 138 2232 Ut
179 2182 412 2233 dextram
450 2185 721 2248 explicuit:
766 2187 977 2235 «Mater
1002 2201 1118 2235 mea
1143 2206 1164 2231 »
1196 2187 1337 2245 dixit,
1365 2190 1414 2235 et
1452 2186 1587 2235 illam

129 2263 290 2313 lniicit
327 2266 377 2314 in
415 2268 640 2325 teneros,
678 2270 892 2329 pectora
929 2266 1140 2326 blanda,
1179 2268 1340 2317 sinus.
1593 2279 1654 2310 120

64 2343 134 2392 Ut
170 2348 385 2394 matrem
425 2360 633 2396 suasere
670 2347 831 2406 sinuS,
870 2348 1087 2406 surrisit,
1126 2350 1176 2396 et
1212 2348 1344 2396 inter

126 2424 300 2474 Verba
336 2426 452 2474 iacit
489 2426 696 2476 blandis
733 2427 913 2476 oscula
950 2427 1144 2477 blanda
1182 2428 1353 2486 sonis;

62 2507 246 2555 Mutua
281 2508 429 2571 virgo
456 2509 624 2567 refert,
652 2524 861 2558 suasere
888 2524 1103 2572 quoque
1141 2511 1321 2559 oscula
1349 2514 1584 2568 matrem,

126 2586 399 2650 Dulceque
437 2589 614 2638 nescio
651 2589 778 2652 quid
817 2590 998 2639 oscula
1035 2589 1245 2640 Amoris
1272 2590 1482 2640 habent.

61 2667 125 2716 At
162 2672 443 2733 postquam
481 2671 739 2720 emicuere
777 2672 914 2720 oculi
952 2675 1001 2720 et
1038 2672 1122 2720 fax
1160 2672 1243 2721 illa
1280 2672 1501 2731 refulxit,
1588 2684 1649 2715 125

124 2749 281 2800 Visus
316 2750 480 2800 Amor
515 2755 653 2801 certe
689 2755 782 2811 est,
821 2754 909 2816 qui
949 2753 1044 2802 fuit
1081 2757 1202 2802 ante
1240 2769 1399 2816 puer;

59 2829 182 2880 Visa
219 2846 312 2881 sua
348 2836 397 2882 et
435 2848 600 2895 puero
638 2837 817 2892 mater,
844 2835 917 2883 sic
955 2838 1169 2896 pectora
1205 2835 1428 2885 suadent

129 2911 361 2976 Oraque,
399 2915 449 2963 ni
488 2929 669 2965 naevus
705 2916 872 2977 prima
910 2915 1095 2965 labella
1132 2919 1292 2966 notet.
