2002 3161
246 174 339 232 130
658 174 808 226 Poeti
841 172 1090 224 amanisti
1122 169 1382 236 maggiori

332 305 384 355 O
422 318 580 368 quam
619 314 788 364 nuper
823 313 937 349 eras
974 297 1187 348 nubilus
1223 298 1273 345 et
1309 295 1448 345 malo

400 382 685 434 Obductus
721 379 901 431 senio!
939 393 1098 442 quam
1136 375 1333 425 nitidos
1368 374 1494 424 ades

401 467 558 516 Nunc
593 465 768 515 vultus
805 463 1050 520 referens,
1088 460 1245 509 docta
1280 457 1636 521 fragrantibus
1786 468 1823 500 15

801 543 1022 594 Cinctus
1059 545 1298 604 tempora
1333 539 1588 589 floribus!

338 630 517 679 Talem
555 626 832 690 purpureis
869 623 1087 674 reddere
1124 621 1326 673 solibus

405 714 603 762 Laetum
641 709 783 772 pube
820 722 972 766 nova,
1010 707 1131 768 post
1167 703 1366 768 gelidas
1403 703 1562 760 nives,

406 793 726 855 Serpentem,
764 789 949 852 positis
985 786 1198 845 exuviiS,
1236 785 1367 834 solet

803 870 960 920 Verni
999 867 1275 931 temperies
1311 866 1438 929 poli.
1792 877 1834 907 20

339 957 519 1006 Talem
557 958 605 1004 te
641 953 848 1004 choreis
885 949 1113 1001 reddidit
1150 951 1199 998 et
1236 949 1360 1012 lyrae

406 1036 672 1087 Landinus
707 1037 941 1084 veterum
978 1030 1226 1081 laudibus
1263 1028 1500 1086 aemuluS‚

407 1117 593 1175 Qualis
629 1118 684 1165 tu
722 1115 908 1165 solitus
946 1111 1112 1161 Tibur
1147 1110 1214 1160 ad
1252 1108 1470 1160 uvidum

806 1194 1059 1245 Blandam
1096 1191 1310 1242 tendere
1347 1190 1611 1240 barbiton.

343 1281 499 1330 Nunc
536 1282 585 1328 te
621 1277 808 1328 delitiis
845 1290 986 1325 nunc
1024 1274 1172 1324 decet
1208 1276 1258 1322 et
1295 1272 1390 1322 levi
1793 1280 1835 1311 25

410 1361 662 1411 Lascivire
698 1359 854 1424 joco;
894 1371 1036 1407 nunc
1074 1353 1363 1418 puerilibus

413 1444 666 1492 Insertum
705 1440 901 1504 thyasis
938 1440 1026 1488 aut
1063 1436 1168 1486 fide
1205 1435 1413 1500 garrula

814 1522 947 1570 Inter
982 1518 1161 1569 ludere
1196 1517 1439 1580 virgines.

724 1837 819 1886 AD
849 1834 1362 1900 JUVENTUTEM.*

841 1917 880 1950 In
906 1916 1095 1959 principio
1121 1915 1247 1950 studii.

822 1989 1271 2055 (Mccccrxxxvn.)

958 2101 1058 2151 (od.
1085 2100 1174 2150 Vl.)

378 2187 491 2250 jam
528 2199 693 2235 cornu
731 2183 980 2248 gravidus
1017 2182 1338 2245 praecipitem
1377 2183 1522 2243 parat

452 2267 675 2316 Afflatus
713 2265 899 2315 subitis
935 2263 1221 2327 frigoribus
1257 2262 1438 2326 fugam

452 2348 752 2397 Autumnus
789 2348 947 2408 pater,
986 2347 1035 2393 et
1071 2343 1320 2394 deciduas
1362 2344 1478 2393 sinu

717 2425 951 2476 Frondes
988 2426 1176 2488 excipit
1212 2424 1476 2474 arborum.

387 2509 615 2559 Cantant
651 2508 892 2566 emeritiS‚
931 2507 1145 2566 Bacche,
1183 2505 1455 2555 laboribus
1823 2515 1841 2546 ⁵

455 2591 529 2639 Te
566 2604 707 2639 nunc
742 2588 1001 2652 agricolae,
1040 2587 1131 2637 sed
1170 2587 1302 2636 male
1339 2585 1548 2636 sobrios

361 2819 377 2837 *
405 2819 550 2858 Anche
579 2821 729 2868 questa
758 2818 780 2856 ὲ
810 2828 895 2857 una
922 2817 1058 2881 breve⁸
1080 2815 1328 2865 prolusione
1357 2814 1396 2853 al
1424 2823 1548 2853 corso
1588 2823 1638 2852 su
1668 2811 1844 2857 Ovidio,

262 2889 408 2924 tenuto
438 2885 504 2924 nel
533 2884 764 2924 novembre
794 2884 861 2923 del
893 2884 1006 2923 1487.
1040 2883 1070 2921 E
1099 2882 1141 2921 di
1170 2881 1300 2920 molta
1328 2880 1544 2929 eleganza.
