2002 3161
292 162 390 210 322
727 155 877 204 Poeta·
913 154 1160 204 amanisti
1194 153 1453 216 maggiori

299 289 570 351 ingressus
608 285 804 334 fruerer
841 282 1071 331 thalamo
1108 280 1416 343 complexus
1450 276 1666 328 amato?
1846 290 1886 321 50

295 367 409 419 Cur
445 381 553 417 non
593 368 643 415 et
679 367 817 414 retro
855 362 1021 413 redii?
1056 361 1220 425 Nigra
1256 360 1475 410 flumina
1510 371 1717 408 rursum

296 448 530 507 Tentavi‚
569 461 777 496 rursum
816 448 865 494 et
903 458 1082 493 manes
1120 455 1405 506 regemque
1448 439 1751 503 superbum,

295 531 472 589 Quem
513 530 689 579 mitem
730 527 918 585 inveni,
957 539 1165 574 rursum
1203 524 1408 587 placare
1445 522 1619 585 paravi

296 608 622 661 Immemor?
661 609 832 656 Meme
870 606 1025 663 ferrO,
1064 620 1147 654 me
1185 603 1460 661 absumite,
1499 604 1688 651 matres

297 692 566 742 Threiciae.
607 689 849 738 Poteram
889 687 1065 736 infelix
1103 685 1335 734 habitare
1373 682 1471 732 sub
1510 682 1710 731 umbris
1846 695 1886 725 55

297 774 356 823 Et
394 772 493 822 dici
531 771 667 830 felix,
706 769 887 819 saltem
926 783 975 826 ο,
1014 768 1194 817 saltem
1234 765 1421 815 umbra
1458 764 1640 813 fuisset

295 854 556 912 Solamen,
596 851 722 900 mihi
762 864 854 913 per
892 848 1135 898 tenebras
1173 847 1261 896 lux
1298 847 1410 909 ipsa
1445 845 1653 908 vaganti

295 935 564 992 Eulxisset,
601 933 719 982 laeta
757 932 806 980 in
844 931 1035 993 vulgus
1073 929 1197 978 mihi
1236 929 1431 991 plectra
1458 927 1684 975 moventi

295 1015 607 1065 plausisset:
646 1015 871 1070 noctem,
909 1012 1026 1070 heu,
1056 1010 1271 1060 demens
1297 1009 1602 1071 luctumque
1628 1007 1818 1069 paravi,

293 1097 554 1146 AEternam
593 1097 802 1144 noctem
840 1096 890 1142 et
927 1092 1071 1141 nullo
1109 1106 1228 1140 cum
1266 1090 1371 1139 fine
1408 1089 1661 1138 dolorem.
1844 1099 1887 1131 60

294 1179 380 1227 Me
419 1180 626 1235 matres,
665 1189 835 1224 meme
872 1174 1027 1231 ferm,
1066 1187 1149 1221 me
1187 1171 1462 1229 absumite,
1499 1171 1689 1218 matres

297 1258 568 1308 Threiciae.
607 1256 866 1307 Canerem
905 1254 970 1303 ad
1008 1254 1231 1310 thiasos;
1270 1255 1381 1301 tum
1419 1251 1557 1300 culta
1593 1250 1796 1299 canenti

295 1339 516 1397 Astaret,
554 1350 868 1400 semperque
905 1349 1074 1383 novos
1112 1333 1341 1382 hauriret
1378 1345 1599 1389 amores,

296 1421 670 1483 favissentque
707 1418 832 1467 mihi
870 1430 1065 1474 maneS,
1105 1416 1341 1478 interque
1390 1413 1685 1462 canendum

295 1502 730 1566 Applausumque
768 1501 900 1548 inter
934 1498 1076 1561 vulgi
1101 1497 1238 1545 mihi
1278 1496 1489 1544 brachia
1526 1495 1662 1544 collo
1843 1506 1884 1537 65

295 1584 561 1641 lunxisset,
598 1585 886 1644 teneroque
922 1580 1038 1629 sinu
1077 1579 1305 1636 fovisset,
1345 1579 1393 1625 et
1431 1590 1521 1625 ore

296 1664 624 1726 Excepissem
664 1676 816 1711 auras
853 1661 1040 1710 animae
1079 1658 1416 1721 indulgentis.
1456 1656 1528 1705 lbi
1566 1656 1751 1718 ingens

294 1745 609 1808 Applausus.
649 1743 873 1797 Rursum
913 1742 1023 1803 ipse
1062 1754 1231 1788 novos
1258 1752 1349 1801 per
1374 1751 1583 1787 carmen
1611 1750 1816 1785 amores

295 1826 528 1884 Ordirer‚
565 1827 785 1887 totoque
823 1822 993 1872 Erebo
1033 1836 1146 1870 mea
1181 1820 1341 1869 verba
1377 1819 1640 1877 sonarent,

296 1909 578 1957 Mulcerem
617 1909 665 1955 et
701 1908 900 1954 veteres
936 1905 1156 1952 heroum
1196 1902 1423 1950 carmine
1461 1913 1662 1962 poenaS‚
1843 1910 1884 1940 70

297 1990 467 2038 Meme
504 1988 675 2051 igitur,
716 2000 883 2035 meme
920 1985 1072 2042 ferm,
1112 1998 1194 2031 me
1230 1982 1504 2039 absumite,
1542 1982 1730 2028 matres

298 2070 566 2126 Threiciae,
604 2069 763 2129 caput
800 2069 956 2128 atque
995 2064 1227 2113 humeris
1264 2062 1464 2111 avellite
1501 2060 1708 2117 nostriS,

298 2151 357 2200 Et
392 2150 625 2213 linguam
655 2146 943 2211 Eurydicen
971 2146 1279 2194 clamantem
1306 2158 1365 2192 ac
1389 2156 1520 2191 voce
1557 2142 1817 2204 petentem

299 2231 587 2296 Eurydicen
624 2231 777 2280 ,vehat
814 2243 985 2292 aegeas
1021 2240 1186 2289 vagus
1227 2225 1438 2274 Hebrus
1476 2223 1540 2272 ad
1580 2221 1764 2271 undas
1789 2241 1810 2264 »

668 2427 757 2476 DE
796 2425 1118 2480 HERCULE
1167 2424 1252 2473 ET
1292 2422 1518 2472 HYLA*

838 2537 946 2587 (Lib.
978 2549 1017 2575 v.
1049 2548 1118 2574 vv.
1149 2535 1337 2584 649-780)

367 2622 654 2684 Appulerat
693 2621 963 2683 Mysorum
1003 2617 1140 2680 agris
1178 2615 1468 2678 magnetias
1505 2612 1665 2675 Argo,

301 2702 438 2753 Cum
476 2706 656 2751 tenero
693 2701 973 2751 comitatus
1012 2698 1146 2761 Hyla
1183 2697 1308 2759 petit
1346 2694 1565 2756 impiger
1601 2693 1686 2742 alti
1866 2703 1885 2734 5

759 2792 902 2797 ...-.--.--
915 2782 1759 2796 “-,-——-—-—..————-—--—e.--—.-.
1762 2781 1809 2786 ..-
1814 2782 1836 2785 --

409 2827 425 2844 “
465 2826 602 2865 Vuole
637 2826 677 2864 la
714 2824 856 2864 favola
898 2823 975 2862 che
1013 2821 1173 2867 Ercole,
1210 2816 1500 2858 abbandonati
1537 2816 1597 2865 gli
1632 2782 1885 2864 Argonauti,

303 2891 526 2931 scendesse
555 2890 665 2929 nella
693 2889 819 2928 Misia
848 2900 924 2937 per
952 2887 1153 2927 ricercare
1181 2885 1207 2924 il
1238 2895 1317 2923 suo
1347 2885 1486 2922 amato
1517 2881 1573 2919 Ila
1602 2879 1645 2929 (il
1683 2877 1885 2918 fanciullo
