2002 3161
287 156 380 205 160
716 151 866 202 Poeti
899 148 1146 201 amanisti
1181 145 1440 212 maggior-i

346 280 535 331 Scinde
572 294 729 330 manu
767 279 1016 341 leporem,
1053 276 1249 339 leporis
1292 273 1617 338 penetrabile
1654 274 1812 324 virus.

345 362 588 411 Nascitur
625 360 746 410 Eois
781 360 864 409 hic
900 357 1175 408 fluctibus:
1217 355 1402 406 adtulit
1445 354 1621 419 Aegle,
1837 366 1880 399 65

344 441 515 491 Docta
550 440 726 504 Aegle,
762 439 1020 503 jussitque
1056 438 1324 487 inimicum
1362 439 1575 499 tangere
1612 435 1784 485 limen.

343 522 510 573 Curre
547 537 659 586 age,
686 524 842 585 tange
868 521 1038 579 simul,
1076 519 1229 569 simul
1275 518 1466 567 obline.
1515 516 1647 567 Cras
1687 517 1811 566 mihi

1592 600 1810 664 [poenas

345 683 584 734 Perfidus
620 684 701 733 ille
737 683 907 732 dabit:
946 684 1120 746 gemet
1156 682 1272 743 ipso
1310 681 1360 730 in
1398 681 1575 729 limine
1614 681 1821 730 Maeon.

411 765 580 815 Sistite
597 765 932 827 praecipitem
948 764 1054 827 jam
1074 777 1231 820 nunc,
1249 776 1365 811 mea
1379 762 1509 820 licia,
1526 761 1827 811 rhombum.

343 846 573 897 Contere
610 848 660 895 et
686 845 972 908 Halcyonis
998 843 1182 893 nidum
1209 843 1349 892 mihi.
1377 842 1570 892 Pellere
1594 845 1780 892 ventos
1838 854 1880 890 70

345 928 560 986 Dicitur,
597 930 647 977 et
685 941 864 976 saevas
901 926 1070 989 pelagi
1108 925 1334 973 mulcere
1370 924 1641 986 procellas.

345 1008 579 1057 Forsitan
618 1007 701 1056 hic
738 1009 949 1057 nostros
985 1005 1188 1056 sedabit
1225 1005 1450 1067 pectoris
1499 1007 1687 1054 aestus.

409 1089 579 1139 Sistite
616 1089 968 1152 praecipitem,
1005 1089 1110 1153 iam
1148 1088 1324 1147 sistite,
1351 1087 1480 1146 licia,
1506 1086 1808 1136 rhombum.

343 1171 612 1220 Hactenus
638 1171 734 1220 ille.
763 1169 908 1228 Quid
935 1170 1056 1219 huic
1082 1168 1412 1233 subjunxerit
1445 1167 1631 1217 ordine
1662 1167 1810 1217 Thel-

1665 1249 1807 1312 [gon‚

339 1332 545 1395 Accipe.
584 1332 707 1382 Non
751 1346 937 1382 omnes
975 1346 1113 1382 unus
1152 1331 1306 1380 dolor
1343 1331 1489 1394 angit
1529 1333 1779 1380 amantes.
1834 1340 1873 1376 75

284 1413 416 1464 leel.
439 1414 586 1477 Rupe
607 1413 706 1463 sub
729 1413 825 1463 hac
847 1428 1053 1463 mecum
1075 1412 1207 1462 sedit
1229 1411 1462 1462 Galatea.
1484 1410 1741 1460 Videbam

341 1495 400 1544 Et
438 1494 686 1558 CapreaS,
729 1497 779 1544 et
817 1509 951 1558 quae
989 1493 1228 1544 Sirenum
1268 1493 1483 1542 nomina
1520 1495 1726 1542 servant

342 1575 479 1629 Rura
514 1575 712 1637 procul.
739 1575 951 1625 Veteres
988 1575 1085 1623 alia
1122 1573 1186 1623 de
1224 1576 1369 1636 parte
1405 1573 1582 1622 ruinas

341 1657 596 1715 Herculis,
634 1656 876 1706 ambusta
912 1655 1154 1719 signabat
1191 1655 1257 1704 ab
1297 1669 1414 1704 arce
1450 1654 1699 1704 Vesevus.

403 1739 589 1788 Exsere
626 1738 910 1796 caeruleos,
956 1737 1156 1795 Triton,
1196 1736 1261 1786 de
1299 1736 1510 1800 gurgite
1545 1736 1735 1786 vultus.
1829 1747 1871 1779 80

340 1820 452 1882 lpse
489 1834 646 1878 meas,
686 1819 887 1877 Triton,
928 1818 1102 1868 Nereo
1141 1817 1342 1867 deferre
1381 1817 1635 1880 querelas,

340 1902 452 1963 lpse
489 1903 640 1963 potes
678 1914 836 1949 curva
872 1914 1127 1949 resonans
1165 1914 1324 1961 super
1361 1913 1592 1962 aequora
1629 1897 1835 1947 concha

341 1983 401 2032 Et
438 1982 669 2044 scopulis
706 1995 931 2039 narrare,
968 1984 1018 2030 et
1055 1981 1349 2043 fluctivagis
1386 1980 1633 2029 balaenis.

408 2063 593 2113 Exsere
630 2062 913 2121 caeruleOS,
952 2062 1173 2111 Thriton
1211 2064 1372 2124 pater,
1408 2075 1585 2110 exsere
1620 2061 1809 2110 vultus.

343 2144 442 2193 l-lic
478 2144 677 2206 primos
715 2143 838 2192 mihi
877 2157 1194 2206 congressus
1232 2141 1374 2191 dedit
1412 2142 1495 2191 illa
1531 2142 1763 2205 roganti:
1824 2152 1864 2184 8⁵

341 2225 440 2273 l-lic
477 2225 680 2274 niveam
717 2224 952 2273 formosa
989 2238 1204 2272 manum
1243 2224 1485 2286 porrexit,
1524 2225 1573 2272 et
1611 2223 1764 2286 (eheu

338 2305 483 2364 Quid
521 2306 698 2356 recolo
713 2305 756 2369 Ρ)
795 2305 982 2354 tacitos
1020 2305 1070 2353 in
1110 2319 1193 2353 me
1230 2304 1407 2353 defixit
1445 2304 1656 2353 ocellos

380 2489 422 2528 V.
452 2490 519 2528 80.
549 2489 740 2536 Tritone,
772 2488 896 2538 figlio
918 2488 960 2526 di
983 2488 1198 2527 Posidone
1217 2499 1239 2526 e
1261 2487 1473 2534 Anfitrste,
1495 2487 1683 2527 secondo
1705 2487 1863 2527 Esiodo

275 2555 528 2604 (Teogonia,
558 2556 634 2594 930
661 2555 762 2605 sg.)‚
793 2554 840 2594 fu
870 2565 999 2593 uomo
1031 2554 1073 2593 di
1101 2557 1222 2594 vasto
1251 2554 1459 2600 dominio,
1491 2553 1696 2593 abitatore
1725 2553 1767 2592 di
1803 2564 1859 2592 un

273 2621 445 2671 palazzo
475 2621 600 2660 d’oro
630 2621 696 2660 nel
729 2620 802 2670 piu
832 2620 1050 2670 profondo
1081 2621 1147 2659 del
1178 2632 1306 2659 mare.
1339 2621 1550 2659 Descritto
1571 2631 1649 2659 con
1681 2620 1860 2669 partico—

273 2688 359 2726 lare
388 2687 578 2726 efficacia
607 2688 661 2726 da
689 2687 870 2737 Virgilio
899 2687 1008 2737 (Εη.,
1038 2687 1088 2733 Χ,
1118 2689 1195 2726 209
1223 2688 1358 2737 sgg.),
1388 2687 1423 2726 ci
1452 2687 1573 2725 viene
1601 2685 1739 2725 altresi
1765 2698 1860 2735 rap-

275 2756 515 2803 presentato
543 2754 597 2792 da
626 2753 785 2792 Ovidio
813 2754 947 2803 (Met.,
980 2755 1010 2799 Ι,
1033 2755 1106 2792 355
1136 2764 1233 2803 sgg.
1265 2753 1454 2792 nell'atto
1483 2753 1572 2798 che,
1606 2764 1681 2801 per
1708 2752 1857 2792 ordine

275 2820 316 2857 di
339 2819 491 2865 Giove,
513 2820 656 2858 dando
676 2820 780 2859 fiato
802 2820 882 2859 alla
901 2831 978 2860 sua
997 2819 1252 2870 conchiglia,
1276 2819 1527 2859 rabbonisce
1547 2819 1584 2857 le
1606 2818 1719 2857 onde
1736 2829 1859 2858 scon-

277 2886 389 2925 volte
417 2885 708 2925 dell’Oceano.
