2002 3161
265 206 356 256 196
691 200 841 250 Poeti
875 199 1124 249 amanisti
1156 196 1418 262 maggiori

393 332 704 381 Mcerentem
742 342 896 378 casus
932 329 1220 390 exustaque
1257 338 1421 388 regna
1456 321 1703 386 parentiS,

394 412 625 462 Tritonis
661 409 907 473 cupidam
944 409 1027 457 vix
1063 407 1314 471 effugisse
1349 405 1603 468 rapinam.
1802 414 1845 447 50

392 495 494 543 Ter
529 506 643 542 sese
680 490 779 541 dea
815 490 1082 552 surripuit,
1119 489 1217 538 tria
1251 486 1485 537 fervidus
1523 484 1682 533 heros

391 575 592 626 Oscula
628 572 944 635 compressis
981 571 1132 634 liquit
1169 570 1374 633 signata
1410 566 1626 616 labellis.

394 657 551 706 Nunc
587 668 804 718 quoque
840 653 971 702 livor
1007 651 1181 708 adest3
1219 652 1270 699 at
1306 651 1430 699 sunt
1466 648 1578 697 sine
1613 644 1731 695 labe

1543 727 1785 792 [papillae,

396 817 532 876 Quis
549 818 761 879 superat
780 815 1066 879 nymphas;
1087 812 1266 862 videas
1287 812 1328 861 si
1350 810 1486 860 forte
1505 810 1784 866 lavantem,

395 901 519 951 Non
557 899 649 949 tibi
686 897 995 948 candidiora
1031 897 1138 960 poli
1178 896 1280 946 sint
1317 895 1482 944 lactea
1517 894 1671 951 texta,
1807 901 1850 934 ⁵⁵

394 983 518 1032 Non
555 981 647 1030 tibi
685 981 749 1030 sit
785 980 964 1043 planta
1000 978 1275 1043 crystallus
1311 976 1494 1040 purior
1530 973 1663 1024 alba.

397 1064 469 1113 Ex
505 1063 592 1113 illo
630 1061 853 1112 infidum
891 1062 1013 1111 litus
1048 1061 1359 1122 fontemque
1395 1057 1699 1119 relinquens

397 1145 535 1198 Rura
571 1144 709 1202 colit,
748 1142 1028 1206 dumisque
1065 1156 1187 1192 suas
1224 1139 1463 1190 studiosa
1498 1137 1724 1200 capellas

398 1226 583 1285 Pascit,
621 1228 671 1276 et
707 1227 938 1275 errantes
975 1226 1145 1274 servat
1182 1237 1303 1272 cum
1341 1218 1597 1270 matribus
1622 1216 1791 1267 hedos

398 1309 746 1372 Quadruplici
767 1309 999 1371 insignes
1019 1307 1217 1355 hirsuta
1235 1303 1301 1354 ad
1321 1306 1561 1365 tempora
1587 1314 1768 1350 cornu.
1814 1311 1857 1342 60

399 1390 451 1441 Ο
489 1392 724 1449 Macron,
762 1389 996 1447 Macron,
1034 1387 1159 1436 mihi
1197 1401 1296 1444 me,
1334 1384 1426 1434 tibi
1465 1386 1514 1432 te
1551 1396 1689 1431 nova

1525 1461 1788 1527 [nymphe.

401 1553 538 1612 Quae
574 1553 730 1611 venit,
767 1551 965 1615 eripiat,
1003 1549 1165 1613 cingit
1203 1563 1323 1612 quae
1361 1545 1427 1596 ad
1465 1548 1704 1607 tempora

1561 1626 1791 1690 [myrtos.

402 1717 515 1779 lpse
551 1714 721 1764 vides:
761 1714 842 1763 ille
880 1712 1012 1762 ridet
1050 1725 1206 1770 mare,
1244 1709 1376 1759 ridet
1412 1711 1463 1758 et
1500 1722 1603 1766 aer,

401 1796 581 1860 Cingit
606 1811 726 1860 quae
752 1794 818 1844 ad
845 1794 1038 1844 collum
1066 1793 1213 1842 caltae
1239 1791 1475 1841 florentis
1512 1790 1790 1845 honorem,

400 1879 471 1928 llli
508 1877 803 1928 concedant
840 1875 1093 1939 Dryades,
1130 1872 1383 1923 Nereides
1420 1872 1504 1921 illi.
1814 1879 1855 1912 ⁶⁵

403 1960 455 2011 O
491 1960 665 2023 longis
701 1958 914 2021 praelata
950 1957 1116 2006 comis
1152 1958 1201 2005 et
1237 1954 1434 2004 lumine
1471 1955 1595 2015 peto

406 2041 596 2099 Hercli,
634 2039 923 2102 superciliis
959 2037 1137 2101 nigris,
1175 2034 1433 2085 candente
1470 2032 1681 2096 papilla,

405 2123 470 2172 Es
507 2135 724 2181 memor,
762 2123 812 2169 et
849 2119 1149 2169 meminisse
1187 2116 1353 2175 decet,
1392 2130 1508 2164 mea
1545 2113 1740 2164 nubilis

1584 2194 1794 2259 [l·lercli,

406 2284 560 2343 Quos
598 2284 722 2332 mihi
759 2283 998 2341 coraHOS,
1037 2296 1156 2344 quae
1193 2279 1345 2329 mella
1369 2278 1565 2341 liquata
1590 2275 1794 2334 dedisti,

405 2366 563 2415 Dives
599 2351 803 2414 corallis
840 2366 888 2413 et
926 2363 1091 2412 mellis
1128 2374 1343 2410 munere
1382 2358 1554 2415 dives;
1812 2366 1854 2400 70

407 2447 485 2497 Sis
522 2460 740 2504 mernor,
777 2448 826 2494 et
863 2445 1073 2493 niveum
1111 2442 1202 2492 tibi
1242 2455 1325 2490 me
1362 2439 1590 2489 donasse
1627 2438 1766 2486 colo-

1611 2519 1794 2583 [strum

407 2608 727 2671 Delitiasque
764 2620 899 2656 rosae
936 2605 1120 2669 primae
1155 2607 1205 2653 et
1241 2601 1473 2652 vaccinia
1510 2600 1693 2663 prima.

275 2691 387 2739 Ma.
424 2689 550 2742 Risit
586 2691 635 2738 et
672 2690 889 2752 argutos
925 2687 975 2735 in
1014 2688 1063 2735 te
1100 2685 1199 2734 dea
1234 2684 1376 2732 flexit
1413 2681 1627 2731 ocellos.

276 2772 355 2819 Le.
393 2769 577 2827 Fallor,
615 2784 679 2818 an
717 2767 961 2817 adventat
998 2766 1171 2828 caprei
1211 2764 1368 2813 maris
1405 2762 1639 2818 heroine,

411 2849 768 2912 Praeceditque
805 2849 999 2898 chorus
1037 2846 1315 2896 Tritonum
1365 2846 1413 2894 et
1462 2844 1613 2892 litora
1661 2840 1796 2889 clan-

1560 2923 1726 2987 [gunt,
1819 2931 1860 2967 75
